2668 4438
132 205 197 290 Dr
219 197 596 274 Scatraoranha
619 199 986 288 Burrau'urcra.
1029 215 1103 294 423

143 314 733 416 Luceret,va1ut·Hespr-rar=urtnon
868 406 872 412 Ι
924 335 929 348 ·
965 365 985 375 .-

141 421 229 490 lutet
243 407 448 511 fidera13'ncc
463 433 571 486 tamen
587 410 719 511 slipetbe
920 433 937 448 '¹
975 437 989 449 ·’

144 515 277 605 Lingua
291 509 470 584 barbariem
487 501 690 607 exprobrauit
704 503 770 580 ulli.

148 609 262 701 Quare
278 629 336 680 uos
346 607 479 704 juvenes
492 603 758 680 manu-Britanni

146 707 233 777 Laeta
248 699 385 801 spargite
401 727 485 772 nunc
502 697 585 772 rosas
600 695 711 772 siiave·

145 801 319 895 Spitantes,
340 795 504 893 violasque
519 795 692 880 molliores,

149 899 190 965 Et
204 893 309 968 vestro
324 891 411 978 date,
433 891 574 976 candidi,
590 911 692 989 poetae

146 985 392 1068 Formosam-ex
406 988 524 1062 hedera
542 985 626 1084 [ciri]
642 1011 808 1062 coronam.
930 1035 932 1043 ·
1102 1017 1108 1042 ε

100 1101 165 1176 Sed
176 1105 244 1199 jam
258 1098 331 1174 satis
347 1099 520 1174 nostrarum
535 1125 690 1195 nugatum
702 1099 915 1200 adposuimus.
945 1098 1044 1172 ·Alius
1055 1097 1109 1190 ille

55 1194 143 1268 sortis
155 1196 257 1268 homo
269 1216 347 1282 erat,
361 1221 457 1293 quarn
474 1219 508 1269 ut
522 1223 601 1270 meae
618 1203 777 1295 praeconio
793 1193 887 1278 musae
902 1200 1031 1270 meritas
1040 1194 1110 1274 lau-

58 1292 112 1366 des
127 1294 275 1390 accipere
289 1311 394 1388 queat.
426 1297 461 1364 Ο
476 1313 597 1390 quanto
613 1297 705 1364 citius
720 1292 777 1366 suh
790 1317 883 1390 aequo
895 1291 1003 1389 judice
1018 1287 1112 1362 asnis

57 1387 207 1483 operibus
216 1387 331 1484 justam
345 1382 557 1486 consequetur
570 1388 709 1461 laudern.
734 1388 872 1488 ldeoque
885 1395 1030 1487 optarein
1041 1385 1114 1482 qui·

57 1483 131 1554 dem
149 1482 285 1554 nostram
301 1482 443 1577 linguam
458 1489 560 1582 poetis
575 1485 708 1561 Latinis
724 1482 915 1559 familiarem
930 1479 1012 1558 esst:
1035 1501 1113 1552 tunc

25 1615 29 1620 ·
57 1575 153 1652 facile
167 1582 311 1678 inquam,
335 1577 429 1654 facile
448 1583 481 1652 in
504 1607 610 1653 meam
631 1578 819 1654 sententiam
838 1584 931 1654 irent.
970 1583 1013 1650 At
1033 1601 1114 1674 quo·

59 1677 144 1746 niam
184 1675 249 1750 uod
263 1696 344 1773 opto
358 1678 412 1748 vix
427 1672 497 1750 sieri
513 1677 628 1774 potest,
651 1698 774 1749 tantum
794 1697 944 1750 exoratos
964 1671 1054 1758 uolo,
1077 1689 1114 1742 ut

58 1767 138 1842 mihi
211 1773 358 1846 tinarum
374 1769 533 1844 literatum
553 1778 687 1844 amatori
707 1772 825 1870 aliquid
842 1777 876 1843 in
892 1772 954 1842 hac
969 1789 1058 1868 parte
1075 1764 1117 1836 fi-

60 1865 111 1938 dei
132 1865 282 1938 habeant.
314 1890 381 1962 quo
403 1863 545 1963 auspicio
568 1894 631 1938 non
655 1866 810 1960 gravabor
831 1871 898 1938 e‘us
920 1863 1116 1937 lucubratio·

61 1986 135 2034 num
159 1959 382 2060 inscriptiones
404 1963 589 2036 Latinitate
612 1963 752 2047 donare3
784 1983 819 2032 ut
842 1895 885 2032 ilc
910 1957 1022 2032 saltem
1038 1958 1117 2029 leo·

61 2057 450 2224 uetn,bquemadmodum
470 2058 506 2128 in
527 2055 698 2156 proverbio
714 2058 783 2144 est,
806 2081 855 2162 ex·
869 2051 941 2153 ipfis
963 2055 1118 2128 aestimcnt

61 2177 102 2224 un
127 2177 161 2224 ur
184 2177 230 2226 us.
485 2203 489 2210 -
785 2199 789 2204 -
862 2185 867 2196 ·

105 2179 307 2348 gQanquain
320 2244 499 2348 priusquam
511 2249 556 2336 id,
568 2247 656 2348 quod
667 2247 768 2322 modo
778 2246 844 2321 suut
858 2245 1030 2346 pollicitus,
1040 2269 1118 2346 prar-

59 2342 181 2430 llitero,
200 2371 267 2418 non
283 2344 422 2418 alienum
436 2371 511 2419 meo
526 2348 587 2418 erit
600 2345 743 2417 instituto
758 2344 864 2440 palaiti
879 2341 986 2418 facete
999 2337 1119 2419 Guliel-

62 2443 399 2528 numdandum,
424 2441 588 2516 hominem
606 2465 665 2513 nec
681 2439 916 2533 indiligentem,
940 2465 1002 2512 nec
1024 2437 1116 2511 indo-

64 2535 166 2623 diam,
186 2544 222 2611 ἃ
245 2563 341 2636 quem
365 2539 488 2610 constat
506 2542 643 2636 primunt
665 2535 807 2613 tonant
824 2557 924 2606 artem
945 2529 1121 2622 exercuisse

60 2633 336 2732 typographicam,
360 2633 513 2708 Chauceri
535 2656 657 2734 opera,
681 2653 840 2730 quotquot
863 2629 916 2703 vel
939 2635 1043 2727 pretio
1067 2625 1121 2699 vel

60 2727 208 2823 precihus
218 2750 403 2823 comparate
413 2733 531 2826 potuit,
545 2732 577 2800 in
591 2754 689 2800 unum
702 2725 854 2812 volumen
866 2723 1038 2819 collegisse.
1058 2723 1121 2794 Vi-

62 2824 110 2892 cit
124 2839 234 2895 tamen
251 2821 488 2898 Caxodunicam
500 2825 677 2898 editionem
691 2823 894 2897 Bettholetus
905 2823 1009 2894 noster
1020 2841 1120 2917 opera

60 2913 218 2991 Gadelmi
228 2912 377 3010 thuana
393 2923 460 3014 qui,
474 2917 575 2990 multo
587 2918 708 3005 labore,
721 2915 897 3002 sedulitate,
911 2941 949 2986 ac
960 2939 1035 2987 cura
1048 2910 1121 2985 usus

59 3014 97 3084 in
110 3011 331 3110 perquirendis
344 3011 471 3084 vetustis
485 3012 728 3110 exemplaribus,
751 3011 851 3086 multa
871 3013 982 3110 primae
1003 3010 1122 3107 adjecit

61 3105 212 3178 editioni.
248 3105 311 3180 Sed
327 3123 386 3178 nec
402 3107 435 3177 in
450 3107 510 3178 hac
530 3127 618 3205 parte
633 3113 733 3181 caruit
747 3111 891 3184 &ianus
906 3099 1025 3198 Tucca,
1038 3102 1122 3176 mihi

59 3199 280 3276 familiaritate
294 3199 575 3296 conjundlilsrmus,
598 3211 636 3280 dc
651 3207 794 3301 Anglicae
805 3204 922 3300 lingua
936 3201 1123 3300 eloquentia

62 3296 231 3386 mirificus,
253 3295 306 3373 sua
320 3295 433 3392 gloria,
455 3299 541 3373 edita
554 3301 588 3372 in
642 3298 1033 3400 strernamimpreffiouem
1046 3301 1124 3398 phae'·

62 3389 187 3470 satione
208 3393 360 3479 elimata,
382 3393 553 3484 luculenta,
577 3325 727 3492 elloganti.
766 3399 885 3497 Sequar
910 3399 919 3467 i
956 3415 1006 3467 tur
1031 3393 1123 3468 codi-

62 3511 137 3562 cem
153 3495 262 3588 paucis
277 3490 410 3564 abhinc
426 3497 516 3565 annis
529 3493 732 3593 impressum,
754 3501 791 3570 δι
813 3421 954 3593 proruis

65 3609 142 3657 nam
156 3583 308 3679 syllabon.

112 3683 119 3705 “
145 3692 261 3778 Fabulae
273 3701 422 3762 emim
436 3716 524 3766 xxiv.
578 3687 583 3696 ’
693 3731 697 3736 -
936 3715 939 3723 ·

62 3809 198 3886 quarum
214 3790 283 3864 duae
295 3785 396 3866 soluta
413 3800 559 3871 oratione
574 3793 716 3894 scriptae3
741 3792 795 3870 sed
807 3795 905 3869 Petri
913 3797 1062 3870 Auctoris
1073 3792 1122 3866 fa-

61 3880 152 3967 bula,
166 3894 236 3982 quae
249 3893 412 3961 communi
427 3893 596 3967 dodiorum
613 3888 767 3964 consensu
782 3891 953 3986 Chaucos,
965 3911 1120 3988 tanquam

56 3983 163 4051 'veto'
188 3983 299 4069 arenti,
323 3984 514 4072 attribuitur,
537 3990 571 4056 in
592 4005 725 4086 utraque
746 3987 900 4077 editione,
922 3979 1122 4085 quiamalos

60 4068 150 4180 sasef
172 4095 261 4151 otum
276 4101 380 4154 mores
395 4081 600 4157 vehementer
612 4083 801 4182 increpavit,
824 4077 981 4185 suppressa
993 4075 1050 4154 est.
1068 4171 1119 4241 De

943 3513 1004 3611 unu
1021 3491 1123 3593 adpo·
