<?xml version="1.0" encoding="UTF-8"?>
<!DOCTYPE html PUBLIC "-//W3C//DTD XHTML 1.0 Transitional//EN"
    "http://www.w3.org/TR/xhtml1/DTD/xhtml1-transitional.dtd">
<html xmlns="http://www.w3.org/1999/xhtml" xml:lang="en" lang="en">
 <head>
  <title>
</title>
<meta http-equiv="Content-Type" content="text/html;charset=utf-8" />
  <meta name='ocr-system' content='tesseract 3.04.00' />
  <meta name='ocr-capabilities' content='ocr_page ocr_carea ocr_par ocr_line ocrx_word'/>
</head>
<body>
  <div class='ocr_page' id='page_1' title='image "./commentariidesc00hallgoog_0013.png"; bbox 0 0 2640 4440; ppageno 0'>
   <div class='ocr_carea' id='block_1_1' title="bbox 371 87 1043 264">
    <p class='ocr_par' dir='ltr' id='par_1_1' title="bbox 371 87 1043 264">
     <span class='ocr_line' id='line_1_1' title="bbox 371 87 1043 264; baseline 0 -2"><span class='ocrx_word' id='word_1_1' title='bbox 371 87 1043 264; x_wconf 79' lang='lat' dir='ltr'>onorcnrro</span> 
     </span>
    </p>
   </div>
   <div class='ocr_carea' id='block_1_2' title="bbox 177 319 1317 432">
    <p class='ocr_par' dir='ltr' id='par_1_2' title="bbox 177 299 1317 446">
     <span class='ocr_line' id='line_1_2' title="bbox 177 319 1317 432; baseline 0.002 0"><span class='ocrx_word' id='word_1_2' title='bbox 177 324 326 432; x_wconf 84' lang='lat' dir='ltr'>lando</span> <span class='ocrx_word' id='word_1_3' title='bbox 352 323 511 432; x_wconf 86' lang='lat' dir='ltr'>vitam</span> <span class='ocrx_word' id='word_1_4' title='bbox 538 319 793 430; x_wconf 84' lang='lat' dir='ltr'>restituisti.</span> <span class='ocrx_word' id='word_1_5' title='bbox 851 323 1078 429; x_wconf 90' lang='lat' dir='ltr'>Moerens</span> <span class='ocrx_word' id='word_1_6' title='bbox 1098 323 1232 432; x_wconf 91' lang='lat' dir='ltr'>enim</span> <span class='ocrx_word' id='word_1_7' title='bbox 1315 377 1317 418; x_wconf 59' lang='lat' dir='ltr'>t</span> 
     </span>
    </p>
   </div>
   <div class='ocr_carea' id='block_1_3' title="bbox 71 462 1246 2673">
    <p class='ocr_par' dir='ltr' id='par_1_3' title="bbox 71 462 1246 2673">
     <span class='ocr_line' id='line_1_3' title="bbox 177 462 1236 600; baseline -0.005 -29"><span class='ocrx_word' id='word_1_8' title='bbox 177 467 231 571; x_wconf 91' lang='lat'>&amp;</span> <span class='ocrx_word' id='word_1_9' title='bbox 256 462 494 598; x_wconf 85' lang='lat' dir='ltr'>inglorius</span> <span class='ocrx_word' id='word_1_10' title='bbox 521 462 999 600; x_wconf 78' lang='lat' dir='ltr'>permultosarnos</span> <span class='ocrx_word' id='word_1_11' title='bbox 1018 463 1236 592; x_wconf 86' lang='lat' dir='ltr'>delituit,</span> 
     </span>
     <span class='ocr_line' id='line_1_4' title="bbox 177 599 1235 742; baseline -0.002 -34"><span class='ocrx_word' id='word_1_12' title='bbox 177 605 346 708; x_wconf 84' lang='lat' dir='ltr'>donec</span> <span class='ocrx_word' id='word_1_13' title='bbox 362 601 444 707; x_wconf 87' lang='lat' dir='ltr'>Tu</span> <span class='ocrx_word' id='word_1_14' title='bbox 471 601 646 730; x_wconf 84' lang='lat' dir='ltr'>ilium,</span> <span class='ocrx_word' id='word_1_15' title='bbox 677 603 842 706; x_wconf 90' lang='lat' dir='ltr'>casum</span> <span class='ocrx_word' id='word_1_16' title='bbox 869 599 972 742; x_wconf 87' lang='lat' dir='ltr'>ejus</span> <span class='ocrx_word' id='word_1_17' title='bbox 1001 599 1235 708; x_wconf 89' lang='lat' dir='ltr'>acerbum</span> 
     </span>
     <span class='ocr_line' id='line_1_5' title="bbox 177 738 1239 878; baseline -0.001 -32"><span class='ocrx_word' id='word_1_18' title='bbox 177 741 463 866; x_wconf 88' lang='lat' dir='ltr'>miseratus,</span> <span class='ocrx_word' id='word_1_19' title='bbox 515 738 566 848; x_wconf 92' lang='lat' dir='ltr'>in</span> <span class='ocrx_word' id='word_1_20' title='bbox 608 741 866 876; x_wconf 84' lang='lat' dir='ltr'>publicum</span> <span class='ocrx_word' id='word_1_21' title='bbox 912 741 1110 878; x_wconf 88' lang='lat' dir='ltr'>prodire</span> <span class='ocrx_word' id='word_1_22' title='bbox 1153 776 1239 846; x_wconf 91' lang='lat' dir='ltr'>vo·</span> 
     </span>
     <span class='ocr_line' id='line_1_6' title="bbox 177 879 1239 1014; baseline 0 -30"><span class='ocrx_word' id='word_1_23' title='bbox 177 881 320 987; x_wconf 86' lang='lat' dir='ltr'>luisti.</span> <span class='ocrx_word' id='word_1_24' title='bbox 359 879 533 984; x_wconf 92' lang='lat' dir='ltr'>Multo</span> <span class='ocrx_word' id='word_1_25' title='bbox 556 903 670 984; x_wconf 91' lang='lat' dir='ltr'>ante</span> <span class='ocrx_word' id='word_1_26' title='bbox 692 879 898 986; x_wconf 86' lang='lat' dir='ltr'>mirifica</span> <span class='ocrx_word' id='word_1_27' title='bbox 924 881 1115 1014; x_wconf 85' lang='lat' dir='ltr'>Ingenii</span> <span class='ocrx_word' id='word_1_28' title='bbox 1138 879 1239 985; x_wconf 92' lang='lat' dir='ltr'>Tui</span> 
     </span>
     <span class='ocr_line' id='line_1_7' title="bbox 178 1018 1242 1154; baseline -0.001 -29"><span class='ocrx_word' id='word_1_29' title='bbox 178 1019 446 1142; x_wconf 83' lang='lat' dir='ltr'>suavitate,</span> <span class='ocrx_word' id='word_1_30' title='bbox 493 1047 695 1150; x_wconf 82' lang='lat' dir='ltr'>morum</span> <span class='ocrx_word' id='word_1_31' title='bbox 714 1018 969 1154; x_wconf 30' lang='lat' dir='ltr'>*elegantia</span> <span class='ocrx_word' id='word_1_32' title='bbox 996 1021 1050 1142; x_wconf 77' lang='grc' dir='ltr'>δι</span> <span class='ocrx_word' id='word_1_33' title='bbox 1079 1018 1242 1154; x_wconf 87' lang='lat' dir='ltr'>probi-</span> 
     </span>
     <span class='ocr_line' id='line_1_8' title="bbox 180 1155 1240 1292; baseline 0.004 -31.952"><span class='ocrx_word' id='word_1_34' title='bbox 180 1179 316 1282; x_wconf 87' lang='lat' dir='ltr'><strong>tate,</strong></span> <span class='ocrx_word' id='word_1_35' title='bbox 371 1155 644 1292; x_wconf 86' lang='lat' dir='ltr'>praestantia</span> <span class='ocrx_word' id='word_1_36' title='bbox 677 1157 996 1284; x_wconf 90' lang='lat' dir='ltr'>eruditionis,</span> <span class='ocrx_word' id='word_1_37' title='bbox 1040 1158 1240 1267; x_wconf 90' lang='lat' dir='ltr'>summo</span> 
     </span>
     <span class='ocr_line' id='line_1_9' title="bbox 180 1294 1240 1422; baseline -0.002 -22"><span class='ocrx_word' id='word_1_38' title='bbox 180 1299 231 1400; x_wconf 92' lang='lat' dir='ltr'>in</span> <span class='ocrx_word' id='word_1_39' title='bbox 266 1294 454 1400; x_wconf 83' lang='lat' dir='ltr'>litteras</span> <span class='ocrx_word' id='word_1_40' title='bbox 488 1299 541 1404; x_wconf 85' lang='lat'>&amp;</span> <span class='ocrx_word' id='word_1_41' title='bbox 573 1296 820 1404; x_wconf 78' lang='lat' dir='ltr'>litteratos</span> <span class='ocrx_word' id='word_1_42' title='bbox 851 1296 1040 1422; x_wconf 87' lang='lat' dir='ltr'>studio,</span> <span class='ocrx_word' id='word_1_43' title='bbox 1084 1297 1240 1400; x_wconf 93' lang='lat' dir='ltr'>bonos</span> 
     </span>
     <span class='ocr_line' id='line_1_10' title="bbox 71 1433 1241 1568; baseline 0.002 -34"><span class='ocrx_word' id='word_1_44' title='bbox 71 1527 73 1534; x_wconf 89' lang='lat'><em>.</em></span> <span class='ocrx_word' id='word_1_45' title='bbox 180 1465 352 1538; x_wconf 89' lang='lat' dir='ltr'>omnes</span> <span class='ocrx_word' id='word_1_46' title='bbox 369 1434 427 1539; x_wconf 88' lang='lat' dir='ltr'>ad</span> <span class='ocrx_word' id='word_1_47' title='bbox 444 1438 516 1538; x_wconf 89' lang='lat' dir='ltr'>Te</span> <span class='ocrx_word' id='word_1_48' title='bbox 529 1433 795 1563; x_wconf 85' lang='lat' dir='ltr'>colendum</span> <span class='ocrx_word' id='word_1_49' title='bbox 809 1433 866 1548; x_wconf 74' lang='grc' dir='ltr'>,δε</span> <span class='ocrx_word' id='word_1_50' title='bbox 882 1435 1241 1568; x_wconf 87' lang='lat' dir='ltr'>suspiciendum</span> 
     </span>
     <span class='ocr_line' id='line_1_11' title="bbox 179 1570 1244 1706; baseline -0.001 -29"><span class='ocrx_word' id='word_1_51' title='bbox 179 1571 506 1700; x_wconf 83' lang='lat' dir='ltr'>infla&#39;mmasti3</span> <span class='ocrx_word' id='word_1_52' title='bbox 532 1572 628 1674; x_wconf 83' lang='lat' dir='ltr'>noc</span> <span class='ocrx_word' id='word_1_53' title='bbox 646 1571 817 1674; x_wconf 85' lang='lat' dir='ltr'>autem</span> <span class='ocrx_word' id='word_1_54' title='bbox 833 1570 965 1674; x_wconf 69' lang='lat' dir='ltr'>facto</span> <span class='ocrx_word' id='word_1_55' title='bbox 982 1571 1124 1706; x_wconf 86' lang='lat' dir='ltr'>plano</span> <span class='ocrx_word' id='word_1_56' title='bbox 1144 1602 1244 1676; x_wconf 91' lang='lat' dir='ltr'>me-</span> 
     </span>
     <span class='ocr_line' id='line_1_12' title="bbox 179 1708 1244 1859; baseline -0.002 -45"><span class='ocrx_word' id='word_1_57' title='bbox 179 1709 426 1840; x_wconf 84' lang='lat' dir='ltr'>morabili,</span> <span class='ocrx_word' id='word_1_58' title='bbox 459 1731 610 1859; x_wconf 83' lang='lat' dir='ltr'>atque</span> <span class='ocrx_word' id='word_1_59' title='bbox 625 1709 745 1816; x_wconf 84' lang='lat' dir='ltr'>adeo</span> <span class='ocrx_word' id='word_1_60' title='bbox 760 1708 866 1820; x_wconf 86' lang='lat' dir='ltr'>aliis</span> <span class='ocrx_word' id='word_1_61' title='bbox 882 1709 1244 1826; x_wconf 73' lang='lat' dir='ltr'>Historicorum</span> 
     </span>
     <span class='ocr_line' id='line_1_13' title="bbox 179 1838 1244 1984; baseline 0.002 -32"><span class='ocrx_word' id='word_1_62' title='bbox 179 1849 521 1952; x_wconf 84' lang='lat' dir='ltr'>monumentis</span> <span class='ocrx_word' id='word_1_63' title='bbox 553 1845 675 1952; x_wconf 89' lang='lat' dir='ltr'>Tuis</span> <span class='ocrx_word' id='word_1_64' title='bbox 708 1847 798 1954; x_wconf 89' lang='lat' dir='ltr'>sub</span> <span class='ocrx_word' id='word_1_65' title='bbox 827 1838 1051 1984; x_wconf 86' lang='lat' dir='ltr'>auspiciis</span> <span class='ocrx_word' id='word_1_66' title='bbox 1072 1849 1244 1984; x_wconf 83' lang='lat' dir='ltr'>¹publi·</span> 
     </span>
     <span class='ocr_line' id='line_1_14' title="bbox 181 1985 1246 2123; baseline 0.002 -33"><span class='ocrx_word' id='word_1_67' title='bbox 181 1988 362 2111; x_wconf 85' lang='lat' dir='ltr'>candis,</span> <span class='ocrx_word' id='word_1_68' title='bbox 393 1986 590 2094; x_wconf 87' lang='lat' dir='ltr'>laudem</span> <span class='ocrx_word' id='word_1_69' title='bbox 606 1985 720 2106; x_wconf 83' lang='lat' dir='ltr'>Tibi</span> <span class='ocrx_word' id='word_1_70' title='bbox 735 1985 1028 2106; x_wconf 81' lang='lat' dir='ltr'>diuturnam</span> <span class='ocrx_word' id='word_1_71' title='bbox 1046 2004 1246 2123; x_wconf 87' lang='lat' dir='ltr'>compa-</span> 
     </span>
     <span class='ocr_line' id='line_1_15' title="bbox 180 2125 1244 2262; baseline 0.001 -33"><span class='ocrx_word' id='word_1_72' title='bbox 180 2127 325 2250; x_wconf 87' lang='lat' dir='ltr'>rabis,</span> <span class='ocrx_word' id='word_1_73' title='bbox 357 2127 412 2231; x_wconf 90' lang='lat'>&amp;</span> <span class='ocrx_word' id='word_1_74' title='bbox 434 2144 723 2262; x_wconf 87' lang='lat' dir='ltr'>perpetuam</span> <span class='ocrx_word' id='word_1_75' title='bbox 749 2126 878 2262; x_wconf 89' lang='lat' dir='ltr'>apud</span> <span class='ocrx_word' id='word_1_76' title='bbox 904 2125 1121 2230; x_wconf 89' lang='lat' dir='ltr'>Posteros</span> <span class='ocrx_word' id='word_1_77' title='bbox 1144 2157 1244 2230; x_wconf 91' lang='lat' dir='ltr'>me-</span> 
     </span>
     <span class='ocr_line' id='line_1_16' title="bbox 181 2261 1245 2398; baseline 0.002 -32"><span class='ocrx_word' id='word_1_78' title='bbox 181 2265 407 2370; x_wconf 84' lang='lat' dir='ltr'>moriam.</span> <span class='ocrx_word' id='word_1_79' title='bbox 453 2268 615 2376; x_wconf 82' lang='lat' dir='ltr'>Certe</span> <span class='ocrx_word' id='word_1_80' title='bbox 634 2263 908 2398; x_wconf 85' lang='lat' dir='ltr'>Collegium</span> <span class='ocrx_word' id='word_1_81' title='bbox 941 2261 1245 2396; x_wconf 84' lang='lat' dir='ltr'>Reginense,</span> 
     </span>
     <span class='ocr_line' id='line_1_17' title="bbox 180 2401 1246 2536; baseline 0.002 -31"><span class='ocrx_word' id='word_1_82' title='bbox 180 2407 295 2505; x_wconf 86' lang='lat' dir='ltr'>Tuo</span> <span class='ocrx_word' id='word_1_83' title='bbox 322 2401 411 2508; x_wconf 90' lang='lat' dir='ltr'>sub</span> <span class='ocrx_word' id='word_1_84' title='bbox 437 2401 656 2536; x_wconf 88' lang='lat' dir='ltr'>Imperio</span> <span class='ocrx_word' id='word_1_85' title='bbox 683 2424 788 2506; x_wconf 89' lang='lat' dir='ltr'>tam</span> <span class='ocrx_word' id='word_1_86' title='bbox 815 2401 1246 2529; x_wconf 90' lang='lat' dir='ltr'>florentiffimum,</span> 
     </span>
     <span class='ocr_line' id='line_1_18' title="bbox 181 2539 1245 2673; baseline 0.002 -29"><span class='ocrx_word' id='word_1_87' title='bbox 181 2571 334 2672; x_wconf 85' lang='lat' dir='ltr'>quam</span> <span class='ocrx_word' id='word_1_88' title='bbox 361 2540 496 2673; x_wconf 92' lang='lat' dir='ltr'>quod</span> <span class='ocrx_word' id='word_1_89' title='bbox 524 2543 757 2663; x_wconf 84' lang='lat' dir='ltr'>maxime,</span> <span class='ocrx_word' id='word_1_90' title='bbox 789 2573 845 2642; x_wconf 89' lang='lat' dir='ltr'>ea</span> <span class='ocrx_word' id='word_1_91' title='bbox 867 2539 996 2666; x_wconf 92' lang='lat' dir='ltr'>Tibi,</span> <span class='ocrx_word' id='word_1_92' title='bbox 1030 2539 1083 2646; x_wconf 93' lang='lat' dir='ltr'>in</span> <span class='ocrx_word' id='word_1_93' title='bbox 1103 2545 1245 2646; x_wconf 92' lang='lat' dir='ltr'>omni</span> 
     </span>
    </p>
   </div>
   <div class='ocr_carea' id='block_1_4' title="bbox 7 2675 1246 2808">
    <p class='ocr_par' dir='ltr' id='par_1_4' title="bbox 7 2675 1246 2808">
     <span class='ocr_line' id='line_1_19' title="bbox 7 2675 1246 2808; baseline 0.002 -28"><span class='ocrx_word' id='word_1_94' title='bbox 7 2757 11 2764; x_wconf 85' lang='lat'>.</span> <span class='ocrx_word' id='word_1_95' title='bbox 180 2677 538 2781; x_wconf 89' lang='lat' dir='ltr'>Beneficiorum</span> <span class='ocrx_word' id='word_1_96' title='bbox 560 2709 759 2808; x_wconf 84' lang='lat' dir='ltr'>genere,</span> <span class='ocrx_word' id='word_1_97' title='bbox 782 2675 967 2784; x_wconf 87' lang='lat' dir='ltr'>·laetum</span> <span class='ocrx_word' id='word_1_98' title='bbox 993 2678 1171 2782; x_wconf 89' lang='lat' dir='ltr'>debere</span> <span class='ocrx_word' id='word_1_99' title='bbox 1195 2681 1246 2783; x_wconf 88' lang='lat' dir='ltr'>se</span> 
     </span>
    </p>
   </div>
   <div class='ocr_carea' id='block_1_5' title="bbox 182 2815 1246 3226">
    <p class='ocr_par' dir='ltr' id='par_1_5' title="bbox 182 2815 1246 3226">
     <span class='ocr_line' id='line_1_20' title="bbox 182 2815 1246 2944; baseline 0.003 -25"><span class='ocrx_word' id='word_1_100' title='bbox 182 2817 347 2941; x_wconf 89' lang='lat' dir='ltr'>sentit,</span> <span class='ocrx_word' id='word_1_101' title='bbox 371 2837 430 2918; x_wconf 92' lang='lat' dir='ltr'>ut</span> <span class='ocrx_word' id='word_1_102' title='bbox 446 2819 517 2918; x_wconf 90' lang='lat' dir='ltr'>Te</span> <span class='ocrx_word' id='word_1_103' title='bbox 533 2815 694 2919; x_wconf 90' lang='lat' dir='ltr'>solum</span> <span class='ocrx_word' id='word_1_104' title='bbox 708 2817 766 2920; x_wconf 78' lang='lat' dir='ltr'>a‘d</span> <span class='ocrx_word' id='word_1_105' title='bbox 782 2821 1167 2944; x_wconf 89' lang='lat' dir='ltr'>Ornamentum,</span> <span class='ocrx_word' id='word_1_106' title='bbox 1190 2819 1246 2922; x_wconf 89' lang='lat'>&amp;</span> 
     </span>
     <span class='ocr_line' id='line_1_21' title="bbox 184 2950 1246 3090; baseline -0.001 -30"><span class='ocrx_word' id='word_1_107' title='bbox 184 2955 508 3088; x_wconf 89' lang='lat' dir='ltr'>Splendorem</span> <span class='ocrx_word' id='word_1_108' title='bbox 539 2950 641 3081; x_wconf 89' lang='lat' dir='ltr'>ejus</span> <span class='ocrx_word' id='word_1_109' title='bbox 676 2953 982 3088; x_wconf 85' lang='lat' dir='ltr'>augendum,</span> <span class='ocrx_word' id='word_1_110' title='bbox 1018 2957 1246 3090; x_wconf 79' lang='lat' dir='ltr'>&amp;perfi-</span> 
     </span>
     <span class='ocr_line' id='line_1_22' title="bbox 183 3093 1245 3226; baseline 0.001 -28"><span class='ocrx_word' id='word_1_111' title='bbox 183 3094 431 3217; x_wconf 87' lang='lat' dir='ltr'>ciendum,</span> <span class='ocrx_word' id='word_1_112' title='bbox 443 3112 618 3197; x_wconf 92' lang='lat' dir='ltr'>natum</span> <span class='ocrx_word' id='word_1_113' title='bbox 632 3114 780 3226; x_wconf 85' lang='lat' dir='ltr'>atque</span> <span class='ocrx_word' id='word_1_114' title='bbox 793 3113 1139 3226; x_wconf 85' lang='lat' dir='ltr'>comparatum</span> <span class='ocrx_word' id='word_1_115' title='bbox 1152 3093 1245 3199; x_wconf 83' lang='lat' dir='ltr'>effe</span> 
     </span>
    </p>
   </div>
   <div class='ocr_carea' id='block_1_6' title="bbox 44 3230 1246 3365">
    <p class='ocr_par' dir='ltr' id='par_1_6' title="bbox 44 3230 1246 3365">
     <span class='ocr_line' id='line_1_23' title="bbox 44 3230 1246 3365; baseline 0.005 -33"><span class='ocrx_word' id='word_1_116' title='bbox 44 3287 48 3297; x_wconf 93' lang='lat'>·</span> <span class='ocrx_word' id='word_1_117' title='bbox 184 3230 488 3365; x_wconf 88' lang='lat' dir='ltr'>profiteatur.</span> <span class='ocrx_word' id='word_1_118' title='bbox 553 3231 838 3360; x_wconf 82' lang='lat' dir='ltr'>Qinetiam</span> <span class='ocrx_word' id='word_1_119' title='bbox 878 3233 1096 3336; x_wconf 88' lang='lat' dir='ltr'>eumad</span> <span class='ocrx_word' id='word_1_120' title='bbox 1138 3265 1246 3338; x_wconf 93' lang='lat' dir='ltr'>mu·</span> 
     </span>
    </p>
   </div>
   <div class='ocr_carea' id='block_1_7' title="bbox 184 3367 1247 4062">
    <p class='ocr_par' dir='ltr' id='par_1_7' title="bbox 184 3367 1247 4062">
     <span class='ocr_line' id='line_1_24' title="bbox 184 3367 1246 3504; baseline 0.001 -30"><span class='ocrx_word' id='word_1_121' title='bbox 184 3402 278 3474; x_wconf 86' lang='lat' dir='ltr'>nus</span> <span class='ocrx_word' id='word_1_122' title='bbox 315 3367 696 3504; x_wconf 85' lang='lat' dir='ltr'>ampliffimum,</span> <span class='ocrx_word' id='word_1_123' title='bbox 733 3367 1100 3504; x_wconf 77' lang='lat' dir='ltr'>quod-summa</span> <span class='ocrx_word' id='word_1_124' title='bbox 1135 3373 1246 3475; x_wconf 89' lang='lat' dir='ltr'>Tua</span> 
     </span>
     <span class='ocr_line' id='line_1_25' title="bbox 186 3505 1247 3642; baseline 0 -30"><span class='ocrx_word' id='word_1_125' title='bbox 186 3537 304 3612; x_wconf 90' lang='lat' dir='ltr'>cum</span> <span class='ocrx_word' id='word_1_126' title='bbox 321 3505 739 3642; x_wconf 87' lang='lat' dir='ltr'>laude&amp;publica</span> <span class='ocrx_word' id='word_1_127' title='bbox 757 3505 975 3614; x_wconf 88' lang='lat' dir='ltr'>utilitate</span> <span class='ocrx_word' id='word_1_128' title='bbox 992 3505 1043 3610; x_wconf 90' lang='lat' dir='ltr'>in</span> <span class='ocrx_word' id='word_1_129' title='bbox 1061 3509 1247 3622; x_wconf 82' lang='lat' dir='ltr'>Acade-</span> 
     </span>
     <span class='ocr_line' id='line_1_26' title="bbox 186 3642 1247 3774; baseline 0.003 -26"><span class='ocrx_word' id='word_1_130' title='bbox 186 3643 288 3749; x_wconf 84' lang='lat' dir='ltr'>mia</span> <span class='ocrx_word' id='word_1_131' title='bbox 299 3642 405 3774; x_wconf 82' lang='lat' dir='ltr'>jani</span> <span class='ocrx_word' id='word_1_132' title='bbox 427 3645 768 3772; x_wconf 85' lang='lat' dir='ltr'>sustines,Tua</span> <span class='ocrx_word' id='word_1_133' title='bbox 793 3647 865 3750; x_wconf 85' lang='lat' dir='ltr'>Te</span> <span class='ocrx_word' id='word_1_134' title='bbox 895 3645 1053 3756; x_wconf 88' lang='lat' dir='ltr'>virtus</span> <span class='ocrx_word' id='word_1_135' title='bbox 1077 3673 1247 3757; x_wconf 84' lang='lat' dir='ltr'>evexe-</span> 
     </span>
     <span class='ocr_line' id='line_1_27' title="bbox 186 3783 1246 3924; baseline 0.007 -36"><span class='ocrx_word' id='word_1_136' title='bbox 186 3805 282 3916; x_wconf 84' lang='lat' dir='ltr'>rat,</span> <span class='ocrx_word' id='word_1_137' title='bbox 293 3817 391 3889; x_wconf 94' lang='lat' dir='ltr'>non</span> <span class='ocrx_word' id='word_1_138' title='bbox 403 3786 557 3892; x_wconf 90' lang='lat' dir='ltr'>modo</span> <span class='ocrx_word' id='word_1_139' title='bbox 572 3785 723 3924; x_wconf 90' lang='lat' dir='ltr'>spem,</span> <span class='ocrx_word' id='word_1_140' title='bbox 738 3791 889 3920; x_wconf 89' lang='lat' dir='ltr'>quam</span> <span class='ocrx_word' id='word_1_141' title='bbox 915 3783 1057 3922; x_wconf 88' lang='lat' dir='ltr'>probi</span> <span class='ocrx_word' id='word_1_142' title='bbox 1073 3817 1246 3894; x_wconf 87' lang='lat' dir='ltr'>omnes</span> 
     </span>
     <span class='ocr_line' id='line_1_28' title="bbox 188 3923 1246 4062; baseline 0.001 -35"><span class='ocrx_word' id='word_1_143' title='bbox 188 3923 250 4028; x_wconf 88' lang='lat' dir='ltr'>de</span> <span class='ocrx_word' id='word_1_144' title='bbox 282 3927 355 4032; x_wconf 89' lang='lat' dir='ltr'>Te</span> <span class='ocrx_word' id='word_1_145' title='bbox 382 3924 548 4032; x_wconf 90' lang='lat' dir='ltr'>multo</span> <span class='ocrx_word' id='word_1_146' title='bbox 589 3927 874 4033; x_wconf 86' lang='lat' dir='ltr'>maximam.</span> <span class='ocrx_word' id='word_1_147' title='bbox 894 3945 1246 4062; x_wconf 88' lang='lat' dir='ltr'>conceperant,</span> 
     </span>
    </p>
   </div>
   <div class='ocr_carea' id='block_1_8' title="bbox 1067 4109 1245 4198">
    <p class='ocr_par' dir='ltr' id='par_1_8' title="bbox 1067 4109 1245 4198">
     <span class='ocr_line' id='line_1_29' title="bbox 1067 4109 1245 4198; baseline -0.034 0"><span class='ocrx_word' id='word_1_148' title='bbox 1067 4109 1245 4198; x_wconf 74' lang='lat' dir='ltr'>Verum</span> 
     </span>
    </p>
   </div>
   <div class='ocr_carea' id='block_1_9' title="bbox 0 0 1335 4440">
    <p class='ocr_par' dir='ltr' id='par_1_9' title="bbox 0 0 1335 4440">
     <span class='ocr_line' id='line_1_30' title="bbox 0 0 1335 4440; baseline 0 0"><span class='ocrx_word' id='word_1_149' title='bbox 0 0 1335 4440; x_wconf 95' lang='lat' dir='ltr'> </span> 
     </span>
    </p>
   </div>
  </div>
 </body>
</html>
