<?xml version="1.0" encoding="UTF-8"?>
<!DOCTYPE html PUBLIC "-//W3C//DTD XHTML 1.0 Transitional//EN"
    "http://www.w3.org/TR/xhtml1/DTD/xhtml1-transitional.dtd">
<html xmlns="http://www.w3.org/1999/xhtml" xml:lang="en" lang="en">
 <head>
  <title>
</title>
<meta http-equiv="Content-Type" content="text/html;charset=utf-8" />
  <meta name='ocr-system' content='tesseract 3.04.00' />
  <meta name='ocr-capabilities' content='ocr_page ocr_carea ocr_par ocr_line ocrx_word'/>
</head>
<body>
  <div class='ocr_page' id='page_1' title='image "./commentariidesc00hallgoog_0428.png"; bbox 0 0 2668 4438; ppageno 0'>
   <div class='ocr_carea' id='block_1_1' title="bbox 161 179 1099 283">
    <p class='ocr_par' dir='ltr' id='par_1_1' title="bbox 161 179 1099 283">
     <span class='ocr_line' id='line_1_1' title="bbox 161 179 1099 283; baseline 0.005 -28"><span class='ocrx_word' id='word_1_1' title='bbox 161 184 225 255; x_wconf 79' lang='lat' dir='ltr'>Du</span> <span class='ocrx_word' id='word_1_2' title='bbox 248 179 592 253; x_wconf 79' lang='lat' dir='ltr'>Scnrrrorraus</span> <span class='ocrx_word' id='word_1_3' title='bbox 614 181 956 262; x_wconf 75' lang='lat' dir='ltr'>Barrauutcts.</span> <span class='ocrx_word' id='word_1_4' title='bbox 1025 205 1099 283; x_wconf 82' lang='lat'>413</span> 
     </span>
    </p>
   </div>
   <div class='ocr_carea' id='block_1_2' title="bbox 83 389 1058 504">
    <p class='ocr_par' dir='ltr' id='par_1_2' title="bbox 83 389 1058 504">
     <span class='ocr_line' id='line_1_2' title="bbox 83 389 1058 504; baseline 0.002 -25"><span class='ocrx_word' id='word_1_5' title='bbox 83 395 212 479; x_wconf 81' lang='lat' dir='ltr'>CAP..</span> <span class='ocrx_word' id='word_1_6' title='bbox 249 389 569 477; x_wconf 89' lang='lat' dir='ltr'>CDLXXXIX.</span> <span class='ocrx_word' id='word_1_7' title='bbox 623 391 840 476; x_wconf 81' lang='lat' dir='ltr'>DeNt&#39;colao</span> <span class='ocrx_word' id='word_1_8' title='bbox 853 392 1058 504; x_wconf 55' lang='lat' dir='ltr'>Iir&#39;stodtmo.</span> 
     </span>
    </p>
   </div>
   <div class='ocr_carea' id='block_1_3' title="bbox 41 559 1193 1244">
    <p class='ocr_par' dir='ltr' id='par_1_3' title="bbox 41 559 1193 1244">
     <span class='ocr_line' id='line_1_3' title="bbox 135 559 1099 670; baseline 0.004 -29"><span class='ocrx_word' id='word_1_9' title='bbox 135 567 236 641; x_wconf 88' lang='lat' dir='ltr'>1c0</span> <span class='ocrx_word' id='word_1_10' title='bbox 247 570 276 640; x_wconf 88' lang='lat' dir='ltr'><strong>L</strong></span> <span class='ocrx_word' id='word_1_11' title='bbox 288 569 316 636; x_wconf 85' lang='grc' dir='ltr'>Α</span> <span class='ocrx_word' id='word_1_12' title='bbox 326 565 395 636; x_wconf 90' lang='lat' dir='ltr'>US</span> <span class='ocrx_word' id='word_1_13' title='bbox 420 559 630 659; x_wconf 63' lang='lat' dir='ltr'>niteamus,</span> <span class='ocrx_word' id='word_1_14' title='bbox 652 590 728 640; x_wconf 87' lang='lat' dir='ltr'>cum</span> <span class='ocrx_word' id='word_1_15' title='bbox 745 565 906 642; x_wconf 81' lang='lat' dir='ltr'>literarum</span> <span class='ocrx_word' id='word_1_16' title='bbox 922 589 992 644; x_wconf 89' lang='lat' dir='ltr'>tum</span> <span class='ocrx_word' id='word_1_17' title='bbox 1007 574 1099 670; x_wconf 87' lang='lat' dir='ltr'>quie·</span> 
     </span>
     <span class='ocr_line' id='line_1_4' title="bbox 43 578 1099 774; baseline 0.006 -39"><span class='ocrx_word' id='word_1_18' title='bbox 43 578 129 748; x_wconf 88' lang='lat' dir='ltr'>N</span> <span class='ocrx_word' id='word_1_19' title='bbox 151 667 326 736; x_wconf 84' lang='lat' dir='ltr'>tisamator</span> <span class='ocrx_word' id='word_1_20' title='bbox 359 658 611 774; x_wconf 77' lang='lat' dir='ltr'>lanemaximus,</span> <span class='ocrx_word' id='word_1_21' title='bbox 629 659 771 774; x_wconf 84' lang='lat' dir='ltr'>misertus</span> <span class='ocrx_word' id='word_1_22' title='bbox 786 661 1013 755; x_wconf 82' lang='lat' dir='ltr'>calamitatem,</span> <span class='ocrx_word' id='word_1_23' title='bbox 1027 693 1099 766; x_wconf 73' lang='lat' dir='ltr'>qum</span> 
     </span>
     <span class='ocr_line' id='line_1_5' title="bbox 41 687 1098 857; baseline 0.002 -21"><span class='ocrx_word' id='word_1_24' title='bbox 41 755 207 836; x_wconf 81' lang='lat' dir='ltr'>ecclefiam</span> <span class='ocrx_word' id='word_1_25' title='bbox 225 756 279 832; x_wconf 87' lang='lat' dir='ltr'>sua</span> <span class='ocrx_word' id='word_1_26' title='bbox 297 687 494 832; x_wconf 76' lang='lat' dir='ltr'>inlimuone</span> <span class='ocrx_word' id='word_1_27' title='bbox 507 752 565 828; x_wconf 87' lang='lat' dir='ltr'>libr</span> <span class='ocrx_word' id='word_1_28' title='bbox 580 757 722 857; x_wconf 81' lang='lat' dir='ltr'>undique</span> <span class='ocrx_word' id='word_1_29' title='bbox 735 758 821 832; x_wconf 64' lang='lat' dir='ltr'>teile</span> <span class='ocrx_word' id='word_1_30' title='bbox 836 759 1048 838; x_wconf 69' lang='lat' dir='ltr'>tohmentem</span> <span class='ocrx_word' id='word_1_31' title='bbox 1062 766 1098 838; x_wconf 87' lang='lat' dir='ltr'>in</span> 
     </span>
     <span class='ocr_line' id='line_1_6' title="bbox 42 850 1099 973; baseline 0.006 -45"><span class='ocrx_word' id='word_1_32' title='bbox 42 879 147 970; x_wconf 76' lang='lat' dir='ltr'>partes</span> <span class='ocrx_word' id='word_1_33' title='bbox 161 853 343 968; x_wconf 74' lang='lat' dir='ltr'>disciderat,</span> <span class='ocrx_word' id='word_1_34' title='bbox 360 852 465 926; x_wconf 87' lang='lat' dir='ltr'>modis</span> <span class='ocrx_word' id='word_1_35' title='bbox 478 850 595 947; x_wconf 83' lang='lat' dir='ltr'>agebat</span> <span class='ocrx_word' id='word_1_36' title='bbox 607 853 768 939; x_wconf 81' lang='lat' dir='ltr'>omnibus,</span> <span class='ocrx_word' id='word_1_37' title='bbox 786 875 822 926; x_wconf 93' lang='lat' dir='ltr'>ut</span> <span class='ocrx_word' id='word_1_38' title='bbox 835 879 906 967; x_wconf 70' lang='lat' dir='ltr'>eam</span> <span class='ocrx_word' id='word_1_39' title='bbox 922 854 1022 972; x_wconf 76' lang='lat' dir='ltr'>rursus</span> <span class='ocrx_word' id='word_1_40' title='bbox 1028 855 1099 973; x_wconf 39' lang='lat' dir='ltr'>&#39;sat-</span> 
     </span>
     <span class='ocr_line' id='line_1_7' title="bbox 41 946 1193 1064; baseline 0.003 -40"><span class='ocrx_word' id='word_1_41' title='bbox 41 952 203 1038; x_wconf 82' lang='lat' dir='ltr'>tillrmam,</span> <span class='ocrx_word' id='word_1_42' title='bbox 225 947 428 1061; x_wconf 71' lang='lat' dir='ltr'>tellrffimam</span> <span class='ocrx_word' id='word_1_43' title='bbox 440 975 493 1063; x_wconf 32' lang='lat' dir='ltr'>‘ue</span> <span class='ocrx_word' id='word_1_44' title='bbox 507 946 659 1062; x_wconf 61' lang='lat' dir='ltr'>efficeret.</span> <span class='ocrx_word' id='word_1_45' title='bbox 683 1015 694 1063; x_wconf 30' lang='grc' dir='ltr'><strong>ζ</strong></span> <span class='ocrx_word' id='word_1_46' title='bbox 711 975 756 1021; x_wconf 90' lang='lat' dir='ltr'>uo</span> <span class='ocrx_word' id='word_1_47' title='bbox 775 974 919 1064; x_wconf 63' lang='lat' dir='ltr'>nomine,</span> <span class='ocrx_word' id='word_1_48' title='bbox 937 952 1099 1027; x_wconf 78' lang='lat' dir='ltr'>drumar-</span> <span class='ocrx_word' id='word_1_49' title='bbox 1190 983 1193 992; x_wconf 90' lang='lat'>·</span> 
     </span>
     <span class='ocr_line' id='line_1_8' title="bbox 42 973 1098 1219; baseline -0.006 -101"><span class='ocrx_word' id='word_1_50' title='bbox 42 1069 145 1219; x_wconf 48' lang='lat' dir='ltr'>malls</span> <span class='ocrx_word' id='word_1_51' title='bbox 158 1046 248 1122; x_wconf 84' lang='lat' dir='ltr'>verbi</span> <span class='ocrx_word' id='word_1_52' title='bbox 262 973 799 1213; x_wconf 42' lang='lat' dir='ltr'>fmlefgl&#39;lumfffllff&#39;ffiustoe</span> <span class='ocrx_word' id='word_1_53' title='bbox 815 1071 916 1118; x_wconf 83' lang='lat' dir='ltr'>ammt</span> <span class='ocrx_word' id='word_1_54' title='bbox 929 1071 1005 1144; x_wconf 86' lang='lat' dir='ltr'>erga</span> <span class='ocrx_word' id='word_1_55' title='bbox 1019 1075 1098 1125; x_wconf 81' lang='lat' dir='ltr'>con.</span> 
     </span>
     <span class='ocr_line' id='line_1_9' title="bbox 42 1161 889 1244; baseline -0.002 -28"><span class='ocrx_word' id='word_1_56' title='bbox 42 1167 99 1218; x_wconf 89' lang='lat' dir='ltr'>cot</span> <span class='ocrx_word' id='word_1_57' title='bbox 133 1168 187 1216; x_wconf 86' lang='lat' dir='ltr'>am</span> <span class='ocrx_word' id='word_1_58' title='bbox 201 1163 360 1244; x_wconf 83' lang='lat' dir='ltr'>opumea</span> <span class='ocrx_word' id='word_1_59' title='bbox 485 1163 664 1239; x_wconf 52' lang='lat' dir='ltr'>pectmenr</span> <span class='ocrx_word' id='word_1_60' title='bbox 863 1161 889 1214; x_wconf 92' lang='grc'>’.</span> 
     </span>
    </p>
   </div>
   <div class='ocr_carea' id='block_1_4' title="bbox 18 1330 1124 1694">
    <p class='ocr_par' dir='ltr' id='par_1_4' title="bbox 18 1330 1124 1694">
     <span class='ocr_line' id='line_1_10' title="bbox 18 1330 973 1441; baseline -0.004 -21"><span class='ocrx_word' id='word_1_61' title='bbox 18 1359 21 1364; x_wconf 88' lang='grc'><strong><em>·</em></strong></span> <span class='ocrx_word' id='word_1_62' title='bbox 164 1335 297 1420; x_wconf 89' lang='lat' dir='ltr'><strong>CAP.</strong></span> <span class='ocrx_word' id='word_1_63' title='bbox 312 1333 489 1419; x_wconf 86' lang='lat' dir='ltr'><strong>.CDXC.</strong></span> <span class='ocrx_word' id='word_1_64' title='bbox 540 1334 598 1417; x_wconf 80' lang='lat' dir='ltr'>De</span> <span class='ocrx_word' id='word_1_65' title='bbox 606 1333 745 1441; x_wconf 78' lang='lat' dir='ltr'>Joartne</span> <span class='ocrx_word' id='word_1_66' title='bbox 757 1330 973 1419; x_wconf 81' lang='lat' dir='ltr'>Urothamo.</span> 
     </span>
     <span class='ocr_line' id='line_1_11' title="bbox 35 1472 1124 1694; baseline 0 -94"><span class='ocrx_word' id='word_1_67' title='bbox 35 1522 320 1694; x_wconf 76' lang='lat' dir='ltr'><strong>JOANNES</strong></span> <span class='ocrx_word' id='word_1_68' title='bbox 345 1521 546 1598; x_wconf 83' lang='lat' dir='ltr'>Vrtrbamus</span> <span class='ocrx_word' id='word_1_69' title='bbox 572 1522 784 1600; x_wconf 79' lang='lat' dir='ltr'>Carmeliricae</span> <span class='ocrx_word' id='word_1_70' title='bbox 805 1520 915 1612; x_wconf 62' lang='lat' dir='ltr'>secra,</span> <span class='ocrx_word' id='word_1_71' title='bbox 940 1495 979 1598; x_wconf 85' lang='lat' dir='ltr'>ac</span> <span class='ocrx_word' id='word_1_72' title='bbox 1001 1472 1124 1600; x_wconf 62' lang='lat' dir='ltr'>lioniss</span> 
     </span>
    </p>
   </div>
   <div class='ocr_carea' id='block_1_5' title="bbox 42 1617 1098 1813">
    <p class='ocr_par' dir='ltr' id='par_1_5' title="bbox 42 1617 1098 1813">
     <span class='ocr_line' id='line_1_12' title="bbox 85 1617 1098 1718; baseline 0.005 -27"><span class='ocrx_word' id='word_1_73' title='bbox 85 1617 202 1693; x_wconf 81' lang='lat' dir='ltr'>artibtu</span> <span class='ocrx_word' id='word_1_74' title='bbox 215 1617 247 1692; x_wconf 87' lang='lat' dir='ltr'>se</span> <span class='ocrx_word' id='word_1_75' title='bbox 262 1639 366 1692; x_wconf 90' lang='lat' dir='ltr'>totum</span> <span class='ocrx_word' id='word_1_76' title='bbox 381 1618 551 1714; x_wconf 84' lang='lat' dir='ltr'>dedicarit.</span> <span class='ocrx_word' id='word_1_77' title='bbox 579 1619 635 1694; x_wconf 90' lang='lat' dir='ltr'>sed</span> <span class='ocrx_word' id='word_1_78' title='bbox 654 1623 775 1718; x_wconf 91' lang='lat' dir='ltr'>inquo</span> <span class='ocrx_word' id='word_1_79' title='bbox 794 1626 931 1718; x_wconf 90' lang='lat' dir='ltr'>primum</span> <span class='ocrx_word' id='word_1_80' title='bbox 953 1620 1098 1718; x_wconf 85' lang='lat' dir='ltr'>collegio</span> 
     </span>
     <span class='ocr_line' id='line_1_13' title="bbox 42 1713 1095 1813; baseline 0.003 -26"><span class='ocrx_word' id='word_1_81' title='bbox 42 1715 187 1810; x_wconf 84' lang='lat' dir='ltr'>religioni</span> <span class='ocrx_word' id='word_1_82' title='bbox 202 1713 389 1800; x_wconf 83' lang='lat' dir='ltr'>affueverit,</span> <span class='ocrx_word' id='word_1_83' title='bbox 412 1715 492 1786; x_wconf 90' lang='lat' dir='ltr'>mihi</span> <span class='ocrx_word' id='word_1_84' title='bbox 513 1713 608 1813; x_wconf 83' lang='lat' dir='ltr'>plane</span> <span class='ocrx_word' id='word_1_85' title='bbox 626 1719 792 1790; x_wconf 84' lang='lat' dir='ltr'>incertum.</span> <span class='ocrx_word' id='word_1_86' title='bbox 832 1718 914 1812; x_wconf 81' lang='lat' dir='ltr'>Qp</span> <span class='ocrx_word' id='word_1_87' title='bbox 934 1723 1095 1792; x_wconf 84' lang='lat' dir='ltr'>tamenin</span> 
     </span>
    </p>
   </div>
   <div class='ocr_carea' id='block_1_6' title="bbox 39 1807 1271 1912">
    <p class='ocr_par' dir='ltr' id='par_1_6' title="bbox 39 1807 1271 1912">
     <span class='ocr_line' id='line_1_14' title="bbox 39 1807 1271 1912; baseline 0.007 -32"><span class='ocrx_word' id='word_1_88' title='bbox 39 1809 116 1883; x_wconf 87' lang='lat' dir='ltr'>loco</span> <span class='ocrx_word' id='word_1_89' title='bbox 136 1811 233 1884; x_wconf 90' lang='lat' dir='ltr'>literis</span> <span class='ocrx_word' id='word_1_90' title='bbox 245 1807 455 1896; x_wconf 87' lang='lat' dir='ltr'>insudaverit,</span> <span class='ocrx_word' id='word_1_91' title='bbox 478 1814 644 1904; x_wconf 88' lang='lat' dir='ltr'>cognitum</span> <span class='ocrx_word' id='word_1_92' title='bbox 661 1811 717 1884; x_wconf 87' lang='lat' dir='ltr'>est.</span> <span class='ocrx_word' id='word_1_93' title='bbox 757 1815 914 1912; x_wconf 83' lang='lat' dir='ltr'>Namque</span> <span class='ocrx_word' id='word_1_94' title='bbox 929 1835 979 1888; x_wconf 87' lang='lat' dir='ltr'>tot</span> <span class='ocrx_word' id='word_1_95' title='bbox 993 1837 1096 1890; x_wconf 74' lang='lat' dir='ltr'>annos</span> <span class='ocrx_word' id='word_1_96' title='bbox 1135 1813 1138 1818; x_wconf 66' lang='grc'><strong>’</strong></span> <span class='ocrx_word' id='word_1_97' title='bbox 1257 1859 1271 1876; x_wconf 84' lang='lat'>·-</span> 
     </span>
    </p>
   </div>
   <div class='ocr_carea' id='block_1_7' title="bbox 39 1903 1194 2879">
    <p class='ocr_par' dir='ltr' id='par_1_7' title="bbox 39 1903 1194 2879">
     <span class='ocr_line' id='line_1_15' title="bbox 41 1903 1097 2070; baseline 0.003 -91"><span class='ocrx_word' id='word_1_98' title='bbox 41 1907 144 2000; x_wconf 83' lang='lat' dir='ltr'>Jstaci</span> <span class='ocrx_word' id='word_1_99' title='bbox 162 1912 197 1978; x_wconf 91' lang='lat' dir='ltr'>in</span> <span class='ocrx_word' id='word_1_100' title='bbox 215 1903 382 2000; x_wconf 72' lang='lat' dir='ltr'>Atfiotele</span> <span class='ocrx_word' id='word_1_101' title='bbox 401 1903 585 1991; x_wconf 88' lang='lat' dir='ltr'>collocavit,</span> <span class='ocrx_word' id='word_1_102' title='bbox 596 1927 689 2070; x_wconf 58' lang='lat' dir='ltr'>spum</span> <span class='ocrx_word' id='word_1_103' title='bbox 709 1903 755 1977; x_wconf 89' lang='lat' dir='ltr'>illi</span> <span class='ocrx_word' id='word_1_104' title='bbox 776 1904 819 1980; x_wconf 89' lang='lat' dir='ltr'>ad</span> <span class='ocrx_word' id='word_1_105' title='bbox 837 1907 1026 1981; x_wconf 81' lang='lat' dir='ltr'>naturalium</span> <span class='ocrx_word' id='word_1_106' title='bbox 1046 1935 1097 1982; x_wconf 86' lang='lat' dir='ltr'>re·</span> 
     </span>
     <span class='ocr_line' id='line_1_16' title="bbox 39 1997 1097 2100; baseline 0.004 -28"><span class='ocrx_word' id='word_1_107' title='bbox 39 2027 109 2074; x_wconf 91' lang='lat' dir='ltr'>rum</span> <span class='ocrx_word' id='word_1_108' title='bbox 130 2007 348 2095; x_wconf 82' lang='lat' dir='ltr'>cognitionem</span> <span class='ocrx_word' id='word_1_109' title='bbox 370 1997 496 2073; x_wconf 74' lang='lat' dir='ltr'>filerunt</span> <span class='ocrx_word' id='word_1_110' title='bbox 518 2025 596 2073; x_wconf 89' lang='lat' dir='ltr'>nece</span> <span class='ocrx_word' id='word_1_111' title='bbox 623 2002 692 2098; x_wconf 75' lang='lat' dir='ltr'>arii.</span> <span class='ocrx_word' id='word_1_112' title='bbox 727 1999 901 2098; x_wconf 81' lang='lat' dir='ltr'>Reliquum</span> <span class='ocrx_word' id='word_1_113' title='bbox 924 2007 1097 2100; x_wconf 87' lang='lat' dir='ltr'>temporis,</span> 
     </span>
     <span class='ocr_line' id='line_1_17' title="bbox 41 2091 1095 2194; baseline 0.004 -26"><span class='ocrx_word' id='word_1_114' title='bbox 41 2097 260 2194; x_wconf 83' lang='lat' dir='ltr'>quodibidem</span> <span class='ocrx_word' id='word_1_115' title='bbox 271 2099 392 2192; x_wconf 85' lang='lat' dir='ltr'>exegit,</span> <span class='ocrx_word' id='word_1_116' title='bbox 410 2091 502 2167; x_wconf 83' lang='lat' dir='ltr'>sacrae</span> <span class='ocrx_word' id='word_1_117' title='bbox 517 2094 737 2194; x_wconf 80' lang='lat' dir='ltr'>interpretibus</span> <span class='ocrx_word' id='word_1_118' title='bbox 752 2093 922 2191; x_wconf 71' lang='lat' dir='ltr'>theologiae</span> <span class='ocrx_word' id='word_1_119' title='bbox 935 2097 1095 2172; x_wconf 59' lang='lat' dir='ltr'>adhibuit,</span> 
     </span>
     <span class='ocr_line' id='line_1_18' title="bbox 40 2187 1095 2290; baseline 0.002 -26"><span class='ocrx_word' id='word_1_120' title='bbox 40 2193 215 2282; x_wconf 88' lang='lat' dir='ltr'>Postremo,</span> <span class='ocrx_word' id='word_1_121' title='bbox 238 2219 312 2266; x_wconf 89' lang='lat' dir='ltr'>cum</span> <span class='ocrx_word' id='word_1_122' title='bbox 327 2195 347 2266; x_wconf 73' lang='grc' dir='ltr'>ὲ</span> <span class='ocrx_word' id='word_1_123' title='bbox 362 2190 535 2264; x_wconf 88' lang='lat' dir='ltr'>studiorum</span> <span class='ocrx_word' id='word_1_124' title='bbox 556 2190 663 2264; x_wconf 85' lang='lat' dir='ltr'>labore</span> <span class='ocrx_word' id='word_1_125' title='bbox 681 2187 864 2266; x_wconf 83' lang='lat' dir='ltr'>felicillrmo</span> <span class='ocrx_word' id='word_1_126' title='bbox 883 2193 1014 2290; x_wconf 86' lang='lat' dir='ltr'>quidem</span> <span class='ocrx_word' id='word_1_127' title='bbox 1035 2193 1095 2268; x_wconf 90' lang='lat' dir='ltr'>illo</span> 
     </span>
     <span class='ocr_line' id='line_1_19' title="bbox 40 2285 1096 2387; baseline 0.002 -27"><span class='ocrx_word' id='word_1_128' title='bbox 40 2288 256 2362; x_wconf 88' lang='lat' dir='ltr'>honorificum</span> <span class='ocrx_word' id='word_1_129' title='bbox 274 2287 332 2362; x_wconf 87' lang='lat' dir='ltr'>srbi</span> <span class='ocrx_word' id='word_1_130' title='bbox 351 2311 534 2384; x_wconf 89' lang='lat' dir='ltr'>nomenque</span> <span class='ocrx_word' id='word_1_131' title='bbox 550 2285 725 2385; x_wconf 90' lang='lat' dir='ltr'>locumque</span> <span class='ocrx_word' id='word_1_132' title='bbox 747 2289 829 2358; x_wconf 88' lang='lat' dir='ltr'>inter</span> <span class='ocrx_word' id='word_1_133' title='bbox 849 2287 1018 2384; x_wconf 85' lang='lat' dir='ltr'>theologos</span> <span class='ocrx_word' id='word_1_134' title='bbox 1037 2315 1096 2387; x_wconf 87' lang='lat' dir='ltr'>pe·</span> 
     </span>
     <span class='ocr_line' id='line_1_20' title="bbox 40 2379 1096 2485; baseline 0.004 -31"><span class='ocrx_word' id='word_1_135' title='bbox 40 2382 180 2482; x_wconf 74' lang='lat' dir='ltr'>petiiset,</span> <span class='ocrx_word' id='word_1_136' title='bbox 203 2381 393 2480; x_wconf 80' lang='lat' dir='ltr'>gubernator</span> <span class='ocrx_word' id='word_1_137' title='bbox 407 2379 585 2478; x_wconf 79' lang='lat' dir='ltr'>designatus</span> <span class='ocrx_word' id='word_1_138' title='bbox 597 2379 661 2454; x_wconf 82' lang='lat' dir='ltr'>fitit</span> <span class='ocrx_word' id='word_1_139' title='bbox 675 2379 870 2475; x_wconf 71' lang='lat' dir='ltr'>Carmelus,</span> <span class='ocrx_word' id='word_1_140' title='bbox 892 2385 1096 2485; x_wconf 24' lang='lat' dir='ltr'>Itium-por·</span> 
     </span>
     <span class='ocr_line' id='line_1_21' title="bbox 40 2476 1194 2576; baseline 0 -22"><span class='ocrx_word' id='word_1_141' title='bbox 40 2503 123 2565; x_wconf 88' lang='lat' dir='ltr'>tum,</span> <span class='ocrx_word' id='word_1_142' title='bbox 147 2479 210 2568; x_wconf 87' lang='lat' dir='ltr'>vel,</span> <span class='ocrx_word' id='word_1_143' title='bbox 232 2502 268 2554; x_wconf 93' lang='lat' dir='ltr'>ut</span> <span class='ocrx_word' id='word_1_144' title='bbox 281 2507 356 2554; x_wconf 92' lang='lat' dir='ltr'>cum</span> <span class='ocrx_word' id='word_1_145' title='bbox 370 2477 468 2576; x_wconf 86' lang='lat' dir='ltr'>vulgo</span> <span class='ocrx_word' id='word_1_146' title='bbox 482 2479 605 2576; x_wconf 86' lang='lat' dir='ltr'>loquat,</span> <span class='ocrx_word' id='word_1_147' title='bbox 628 2476 776 2554; x_wconf 83' lang='lat' dir='ltr'>Calet&#39;um</span> <span class='ocrx_word' id='word_1_148' title='bbox 790 2477 1012 2554; x_wconf 80' lang='lat' dir='ltr'>incolentibus.</span> <span class='ocrx_word' id='word_1_149' title='bbox 1191 2487 1194 2498; x_wconf 82' lang='grc'>’</span> 
     </span>
     <span class='ocr_line' id='line_1_22' title="bbox 88 2571 1096 2674; baseline -0.001 -24"><span class='ocrx_word' id='word_1_150' title='bbox 88 2579 173 2650; x_wconf 90' lang='lat' dir='ltr'>Non</span> <span class='ocrx_word' id='word_1_151' title='bbox 188 2576 351 2664; x_wconf 76' lang='lat' dir='ltr'>hiemini,</span> <span class='ocrx_word' id='word_1_152' title='bbox 374 2578 517 2674; x_wconf 86' lang='lat' dir='ltr'>quamvis</span> <span class='ocrx_word' id='word_1_153' title='bbox 532 2577 726 2672; x_wconf 87' lang='lat' dir='ltr'>properanti,</span> <span class='ocrx_word' id='word_1_154' title='bbox 748 2573 927 2648; x_wconf 83' lang='lat' dir='ltr'>omittenda</span> <span class='ocrx_word' id='word_1_155' title='bbox 940 2571 1012 2648; x_wconf 87' lang='lat' dir='ltr'>sunt</span> <span class='ocrx_word' id='word_1_156' title='bbox 1024 2600 1096 2649; x_wconf 87' lang='lat' dir='ltr'>ern·</span> 
     </span>
     <span class='ocr_line' id='line_1_23' title="bbox 39 2663 915 2770; baseline -0.005 -24"><span class='ocrx_word' id='word_1_157' title='bbox 39 2674 105 2747; x_wconf 88' lang='lat' dir='ltr'>dita</span> <span class='ocrx_word' id='word_1_158' title='bbox 119 2673 333 2758; x_wconf 85' lang='lat' dir='ltr'>monimenta,</span> <span class='ocrx_word' id='word_1_159' title='bbox 355 2697 425 2770; x_wconf 76' lang='lat' dir='ltr'>qum</span> <span class='ocrx_word' id='word_1_160' title='bbox 440 2669 531 2744; x_wconf 88' lang='lat' dir='ltr'>nobis</span> <span class='ocrx_word' id='word_1_161' title='bbox 545 2674 592 2741; x_wconf 88' lang='lat' dir='ltr'>ita</span> <span class='ocrx_word' id='word_1_162' title='bbox 604 2663 756 2766; x_wconf 85' lang='lat' dir='ltr'>inscripta</span> <span class='ocrx_word' id='word_1_163' title='bbox 768 2667 915 2770; x_wconf 86' lang='lat' dir='ltr'>reliquit:</span> 
     </span>
     <span class='ocr_line' id='line_1_24' title="bbox 120 2795 1079 2879; baseline 0.002 -17"><span class='ocrx_word' id='word_1_164' title='bbox 120 2798 212 2879; x_wconf 83' lang='lat' dir='ltr'>Super</span> <span class='ocrx_word' id='word_1_165' title='bbox 223 2797 392 2863; x_wconf 80' lang='lat' dir='ltr'>sententias.</span> <span class='ocrx_word' id='word_1_166' title='bbox 630 2795 887 2878; x_wconf 77' lang='lat' dir='ltr'>ViamStpientiae</span> <span class='ocrx_word' id='word_1_167' title='bbox 898 2798 1079 2864; x_wconf 79' lang='lat' dir='ltr'>monstrabo,</span> 
     </span>
    </p>
   </div>
   <div class='ocr_carea' id='block_1_8' title="bbox 121 2861 1080 3046">
    <p class='ocr_par' dir='ltr' id='par_1_8' title="bbox 121 2861 1080 3046">
     <span class='ocr_line' id='line_1_25' title="bbox 121 2861 1080 2962; baseline 0.003 -20"><span class='ocrx_word' id='word_1_168' title='bbox 121 2877 158 2942; x_wconf 91' lang='lat' dir='ltr'>ln</span> <span class='ocrx_word' id='word_1_169' title='bbox 172 2877 296 2942; x_wconf 77' lang='lat' dir='ltr'>Cantica</span> <span class='ocrx_word' id='word_1_170' title='bbox 308 2878 396 2942; x_wconf 75' lang='lat' dir='ltr'>cant.</span> <span class='ocrx_word' id='word_1_171' title='bbox 410 2861 461 2941; x_wconf 84' lang='lat' dir='ltr'>lib&#39;.</span> <span class='ocrx_word' id='word_1_172' title='bbox 476 2895 502 2942; x_wconf 90' lang='lat' dir='ltr'>r.</span> <span class='ocrx_word' id='word_1_173' title='bbox 629 2879 780 2962; x_wconf 73' lang='lat' dir='ltr'>Quoniam</span> <span class='ocrx_word' id='word_1_174' title='bbox 793 2881 899 2942; x_wconf 82' lang='lat' dir='ltr'>rttiooi</span> <span class='ocrx_word' id='word_1_175' title='bbox 909 2879 1080 2954; x_wconf 74' lang='lat' dir='ltr'>coctionum.</span> 
     </span>
     <span class='ocr_line' id='line_1_26' title="bbox 121 2957 964 3046; baseline 0.002 -24"><span class='ocrx_word' id='word_1_176' title='bbox 121 2957 272 3022; x_wconf 84' lang='lat' dir='ltr'>Sacrarunr</span> <span class='ocrx_word' id='word_1_177' title='bbox 286 2958 474 3046; x_wconf 79' lang='lat' dir='ltr'>Contionum</span> <span class='ocrx_word' id='word_1_178' title='bbox 488 2959 536 3021; x_wconf 90' lang='lat' dir='ltr'>lib.</span> <span class='ocrx_word' id='word_1_179' title='bbox 544 2975 576 3038; x_wconf 91' lang='lat'>4.</span> <span class='ocrx_word' id='word_1_180' title='bbox 633 2959 779 3040; x_wconf 73' lang='lat' dir='ltr'>Apparuit</span> <span class='ocrx_word' id='word_1_181' title='bbox 791 2958 964 3044; x_wconf 80' lang='lat' dir='ltr'>benignitas.</span> 
     </span>
    </p>
   </div>
   <div class='ocr_carea' id='block_1_9' title="bbox 40 3065 1144 3168">
    <p class='ocr_par' dir='ltr' id='par_1_9' title="bbox 40 3065 1144 3168">
     <span class='ocr_line' id='line_1_27' title="bbox 40 3065 1144 3168; baseline 0.005 -26"><span class='ocrx_word' id='word_1_182' title='bbox 40 3073 142 3144; x_wconf 89' lang='lat' dir='ltr'>Diem</span> <span class='ocrx_word' id='word_1_183' title='bbox 157 3067 286 3141; x_wconf 90' lang='lat' dir='ltr'>obiitin</span> <span class='ocrx_word' id='word_1_184' title='bbox 301 3089 396 3168; x_wconf 91' lang='lat' dir='ltr'>portu</span> <span class='ocrx_word' id='word_1_185' title='bbox 410 3069 479 3141; x_wconf 84' lang='lat' dir='ltr'>Icio</span> <span class='ocrx_word' id='word_1_186' title='bbox 496 3091 551 3141; x_wconf 91' lang='lat'>11.</span> <span class='ocrx_word' id='word_1_187' title='bbox 563 3065 633 3140; x_wconf 88' lang='lat' dir='ltr'>Cal.</span> <span class='ocrx_word' id='word_1_188' title='bbox 645 3072 744 3142; x_wconf 82' lang='lat' dir='ltr'>Mart.</span> <span class='ocrx_word' id='word_1_189' title='bbox 759 3093 845 3143; x_wconf 87' lang='lat' dir='ltr'>anno</span> <span class='ocrx_word' id='word_1_190' title='bbox 859 3075 907 3144; x_wconf 91' lang='lat' dir='ltr'>D.</span> <span class='ocrx_word' id='word_1_191' title='bbox 920 3094 1024 3166; x_wconf 83' lang='lat'>1407.</span> <span class='ocrx_word' id='word_1_192' title='bbox 1141 3139 1144 3160; x_wconf 86' lang='grc'>,</span> 
     </span>
    </p>
   </div>
   <div class='ocr_carea' id='block_1_10' title="bbox 126 3229 1191 3406">
    <p class='ocr_par' dir='ltr' id='par_1_10' title="bbox 126 3229 1191 3406">
     <span class='ocr_line' id='line_1_28' title="bbox 126 3229 1191 3406; baseline 0 -48"><span class='ocrx_word' id='word_1_193' title='bbox 126 3273 263 3358; x_wconf 83' lang='lat' dir='ltr'>car.</span> <span class='ocrx_word' id='word_1_194' title='bbox 292 3272 479 3358; x_wconf 83' lang='lat' dir='ltr'>coxcr.</span> <span class='ocrx_word' id='word_1_195' title='bbox 523 3272 578 3353; x_wconf 74' lang='lat' dir='ltr'>oe</span> <span class='ocrx_word' id='word_1_196' title='bbox 592 3250 770 3406; x_wconf 62' lang='lat' dir='ltr'>rpeiam</span> <span class='ocrx_word' id='word_1_197' title='bbox 785 3229 1043 3400; x_wconf 55' lang='lat' dir='ltr'>vinonio„</span> <span class='ocrx_word' id='word_1_198' title='bbox 1186 3394 1191 3400; x_wconf 84' lang='lat'>.</span> 
     </span>
    </p>
   </div>
   <div class='ocr_carea' id='block_1_11' title="bbox 39 3460 1096 3753">
    <p class='ocr_par' dir='ltr' id='par_1_11' title="bbox 39 3460 1096 3753">
     <span class='ocr_line' id='line_1_29' title="bbox 138 3460 1095 3564; baseline 0.01 -31"><span class='ocrx_word' id='word_1_199' title='bbox 138 3461 442 3548; x_wconf 82' lang='lat' dir='ltr'>ICHARDUS</span> <span class='ocrx_word' id='word_1_200' title='bbox 472 3460 687 3539; x_wconf 74' lang='lat' dir='ltr'>Ullerodunus</span> <span class='ocrx_word' id='word_1_201' title='bbox 715 3465 859 3538; x_wconf 89' lang='lat' dir='ltr'>nondum</span> <span class='ocrx_word' id='word_1_202' title='bbox 890 3483 958 3538; x_wconf 82' lang='lat' dir='ltr'>tam</span> <span class='ocrx_word' id='word_1_203' title='bbox 985 3488 1095 3564; x_wconf 87' lang='lat' dir='ltr'>aperte</span> 
     </span>
     <span class='ocr_line' id='line_1_30' title="bbox 149 3557 1096 3661; baseline 0.006 -33"><span class='ocrx_word' id='word_1_204' title='bbox 149 3557 728 3656; x_wconf 81' lang='lat' dir='ltr'>mihiellcognitus‚quamoptatem.</span> <span class='ocrx_word' id='word_1_205' title='bbox 756 3558 979 3633; x_wconf 81' lang='lat' dir='ltr'>Nihilominus</span> <span class='ocrx_word' id='word_1_206' title='bbox 988 3588 1096 3661; x_wconf 68' lang='lat' dir='ltr'>operar</span> 
     </span>
     <span class='ocr_line' id='line_1_31' title="bbox 39 3654 1096 3753; baseline 0.009 -29"><span class='ocrx_word' id='word_1_207' title='bbox 39 3655 178 3748; x_wconf 86' lang='lat' dir='ltr'>pretium</span> <span class='ocrx_word' id='word_1_208' title='bbox 201 3656 260 3725; x_wconf 91' lang='lat' dir='ltr'>erit</span> <span class='ocrx_word' id='word_1_209' title='bbox 280 3654 444 3728; x_wconf 86' lang='lat' dir='ltr'>hominem</span> <span class='ocrx_word' id='word_1_210' title='bbox 468 3655 662 3751; x_wconf 87' lang='lat' dir='ltr'>posteritati,</span> <span class='ocrx_word' id='word_1_211' title='bbox 685 3673 837 3753; x_wconf 85' lang='lat' dir='ltr'>tanquam</span> <span class='ocrx_word' id='word_1_212' title='bbox 856 3657 892 3726; x_wconf 90' lang='lat' dir='ltr'>in</span> <span class='ocrx_word' id='word_1_213' title='bbox 909 3656 1096 3751; x_wconf 84' lang='lat' dir='ltr'>transcursu,</span> 
     </span>
    </p>
   </div>
   <div class='ocr_carea' id='block_1_12' title="bbox 40 3748 1234 3851">
    <p class='ocr_par' dir='ltr' id='par_1_12' title="bbox 40 3748 1234 3851">
     <span class='ocr_line' id='line_1_32' title="bbox 40 3748 1234 3851; baseline 0.013 -35"><span class='ocrx_word' id='word_1_214' title='bbox 40 3748 281 3821; x_wconf 87' lang='lat' dir='ltr'>commendare.</span> <span class='ocrx_word' id='word_1_215' title='bbox 313 3751 349 3818; x_wconf 87' lang='lat' dir='ltr'>ln</span> <span class='ocrx_word' id='word_1_216' title='bbox 368 3749 513 3825; x_wconf 78' lang='lat' dir='ltr'>confesso</span> <span class='ocrx_word' id='word_1_217' title='bbox 532 3753 619 3824; x_wconf 90' lang='lat' dir='ltr'>enirn</span> <span class='ocrx_word' id='word_1_218' title='bbox 640 3748 686 3822; x_wconf 92' lang='lat' dir='ltr'>est</span> <span class='ocrx_word' id='word_1_219' title='bbox 704 3749 791 3822; x_wconf 85' lang='lat' dir='ltr'>illurn</span> <span class='ocrx_word' id='word_1_220' title='bbox 808 3773 882 3822; x_wconf 87' lang='lat' dir='ltr'>cum</span> <span class='ocrx_word' id='word_1_221' title='bbox 900 3754 937 3824; x_wconf 92' lang='lat' dir='ltr'>in</span> <span class='ocrx_word' id='word_1_222' title='bbox 956 3753 1097 3851; x_wconf 82' lang='lat' dir='ltr'>plriloso-</span> <span class='ocrx_word' id='word_1_223' title='bbox 1111 3785 1116 3823; x_wconf 65' lang='lat' dir='ltr'>r</span> <span class='ocrx_word' id='word_1_224' title='bbox 1230 3810 1234 3818; x_wconf 84' lang='lat'><strong>·</strong></span> 
     </span>
    </p>
   </div>
   <div class='ocr_carea' id='block_1_13' title="bbox 40 3842 1101 4208">
    <p class='ocr_par' dir='ltr' id='par_1_13' title="bbox 40 3842 1101 4208">
     <span class='ocr_line' id='line_1_33' title="bbox 40 3842 1096 3940; baseline 0.014 -28"><span class='ocrx_word' id='word_1_225' title='bbox 40 3843 151 3938; x_wconf 72' lang='lat' dir='ltr'>phin,¹</span> <span class='ocrx_word' id='word_1_226' title='bbox 163 3863 230 3916; x_wconf 91' lang='lat' dir='ltr'>tum</span> <span class='ocrx_word' id='word_1_227' title='bbox 243 3842 392 3918; x_wconf 76' lang='lat' dir='ltr'>etiamin</span> <span class='ocrx_word' id='word_1_228' title='bbox 406 3845 570 3939; x_wconf 86' lang='lat' dir='ltr'>theologia</span> <span class='ocrx_word' id='word_1_229' title='bbox 586 3844 730 3940; x_wconf 86' lang='lat' dir='ltr'>adprime</span> <span class='ocrx_word' id='word_1_230' title='bbox 744 3847 902 3922; x_wconf 87' lang='lat' dir='ltr'>eruditum</span> <span class='ocrx_word' id='word_1_231' title='bbox 915 3845 1007 3924; x_wconf 84' lang='lat' dir='ltr'>firille</span> <span class='ocrx_word' id='word_1_232' title='bbox 1015 3879 1026 3940; x_wconf 90' lang='lat'>;</span> <span class='ocrx_word' id='word_1_233' title='bbox 1051 3859 1096 3926; x_wconf 89' lang='lat'>·&amp;</span> 
     </span>
     <span class='ocr_line' id='line_1_34' title="bbox 40 3931 1098 4042; baseline 0.008 -34"><span class='ocrx_word' id='word_1_234' title='bbox 40 3939 75 4008; x_wconf 87' lang='lat' dir='ltr'>in</span> <span class='ocrx_word' id='word_1_235' title='bbox 97 3935 207 4029; x_wconf 75' lang='lat' dir='ltr'>Ifials,</span> <span class='ocrx_word' id='word_1_236' title='bbox 221 3943 314 4012; x_wconf 83' lang='lat' dir='ltr'>Vada</span> <span class='ocrx_word' id='word_1_237' title='bbox 335 3939 438 4012; x_wconf 72' lang='lat' dir='ltr'>&lt;iouis</span> <span class='ocrx_word' id='word_1_238' title='bbox 457 3931 633 4034; x_wconf 75' lang='lat' dir='ltr'>invigilasse</span> <span class='ocrx_word' id='word_1_239' title='bbox 653 3939 782 4012; x_wconf 80' lang='lat' dir='ltr'>artibus.</span> <span class='ocrx_word' id='word_1_240' title='bbox 818 3945 909 4016; x_wconf 89' lang='lat' dir='ltr'>Nam</span> <span class='ocrx_word' id='word_1_241' title='bbox 925 3948 993 4042; x_wconf 80' lang='lat' dir='ltr'>ejus</span> <span class='ocrx_word' id='word_1_242' title='bbox 1007 3943 1098 4018; x_wconf 88' lang='lat' dir='ltr'>volu·</span> 
     </span>
     <span class='ocr_line' id='line_1_35' title="bbox 40 4031 1101 4208; baseline 0.011 -104"><span class='ocrx_word' id='word_1_243' title='bbox 40 4057 120 4105; x_wconf 81' lang='lat' dir='ltr'>meu</span> <span class='ocrx_word' id='word_1_244' title='bbox 132 4031 174 4108; x_wconf 81' lang='lat' dir='ltr'>de</span> <span class='ocrx_word' id='word_1_245' title='bbox 188 4035 344 4111; x_wconf 68' lang='lat' dir='ltr'>aciculis</span> <span class='ocrx_word' id='word_1_246' title='bbox 361 4037 474 4120; x_wconf 67' lang='lat' dir='ltr'>Fidei,</span> <span class='ocrx_word' id='word_1_247' title='bbox 496 4033 561 4110; x_wconf 85' lang='lat' dir='ltr'>srve</span> <span class='ocrx_word' id='word_1_248' title='bbox 581 4034 623 4108; x_wconf 83' lang='lat' dir='ltr'>dc</span> <span class='ocrx_word' id='word_1_249' title='bbox 641 4037 789 4133; x_wconf 75' lang='lat' dir='ltr'>Symbm</span> <span class='ocrx_word' id='word_1_250' title='bbox 808 4035 983 4138; x_wconf 59' lang='lat' dir='ltr'>Scelesta,</span> <span class='ocrx_word' id='word_1_251' title='bbox 990 4041 1101 4208; x_wconf 49' lang='lat' dir='ltr'><strong><em>m</em></strong></span> 
     </span>
    </p>
   </div>
   <div class='ocr_carea' id='block_1_14' title="bbox 0 0 1338 4438">
    <p class='ocr_par' dir='ltr' id='par_1_14' title="bbox 0 0 1338 4438">
     <span class='ocr_line' id='line_1_36' title="bbox 0 0 1338 4438; baseline 0 0"><span class='ocrx_word' id='word_1_252' title='bbox 0 0 1338 4438; x_wconf 95' lang='lat' dir='ltr'> </span> 
     </span>
    </p>
   </div>
  </div>
 </body>
</html>
