2668 4438
212 203 285 280 392
363 183 432 280 Jo.
469 185 699 254 Latnuot
736 179 1120 260 Conuiuium

79 347 82 356 Ι
215 511 218 518 Ι
301 408 448 496 ΒΑΕ
472 409 708 498 CDXLlX.
762 405 980 496 DeUtreda
993 409 1183 498 Boleduno.

211 607 536 780 UTREDUS
560 609 757 703 toletanus,
774 635 816 684 ex
828 601 1156 706 Transttbrinagente
1170 613 1279 683 oriun-

326 704 396 790 dus,
411 725 521 800 togam
535 707 783 782 Benecdtiinam
795 710 830 781 in
842 705 1061 800 Dunolmenfi
1070 707 1277 795 monasterio,

212 801 358 897 principe
381 803 479 875 totius
500 803 737 880 cuthebertinae
761 803 892 876 ditionis
913 802 1000 890 loco,
1024 807 1178 900 accepit:
1203 829 1276 875 cum

211 919 277 992 qua
296 899 395 974 etiam
414 899 529 1000 postea
617 925 729 977 omues
745 899 836 977 callae
853 897 1021 996 religionis
1040 925 1194 976 numeros
1212 921 1277 972 tam

212 987 298 1064 bene
311 996 424 1080 crevit,
438 1016 474 1068 ut
489 1002 508 1066 l
536 997 617 1068 ociis
631 992 695 1070 suis
706 999 802 1070 unice
814 995 1008 1091 diligeretur.
1039 999 1117 1068 Erat
1128 1017 1276 1093 praeterea

211 1086 247 1156 in
270 1085 327 1160 illo
348 1092 469 1185 ingenii
484 1091 651 1175 alacritas,
673 1095 907 1192 promptitudo,
928 1089 1079 1178 felicitas,
1102 1118 1173 1192 quae
1187 1095 1278 1199 quic·

210 1181 291 1346 puid
307 1205 362 1258 aut
376 1187 497 1264 diceret
511 1209 566 1262 aut
579 1188 713 1278 faceret,
727 1189 864 1263 mirifice
877 1189 1130 1262 commendavit.
1162 1195 1278 1260 Accel-

225 1299 251 1349 rt
265 1281 306 1352 ad
321 1281 737 1360 haec'animusliteraruma
762 1283 1003 1386 perentillrmus.
1043 1287 1104 1356 His
1120 1283 1278 1360 &fimili-
1321 1343 1322 1380 ,

210 1372 270 1445 bus
282 1379 433 1454 virtutum
446 1379 591 1456 scintillis
603 1381 726 1458 abbatis
737 1313 760 1456 l

210 1475 360 1564 vocavit3
385 1478 405 1546 d
426 1503 493 1576 quo
516 1503 583 1550 non
602 1479 673 1552 lete
695 1503 810 1552 munus
834 1472 1023 1552 consecutus
1043 1477 1108 1550 est:
1141 1503 1277 1577 nempe,

150 1603 151 1612 κ
210 1587 248 1638 ut
265 1569 349 1738 inger
368 1571 495 1646 accolas
513 1573 616 1666 lstdir
635 1575 727 1668 Vad
747 1573 840 1650 bonis
858 1571 1031 1674 disciplinis
1047 1571 1182 1648 liberius
1203 1601 1276 1673 ope·

209 1683 279 1734 ram
317 1688 395 1738 aret.

752 1387 868 1478 uierga
883 1377 916 1452 se
930 1379 1193 1456 benevolentiam
1206 1407 1277 1482 pro-
1321 1475 1322 1484 ἵ

258 1759 353 1856 Qtid
374 1787 439 1858 ego
460 1763 514 1838 hic
537 1770 692 1840 accuratis
714 1765 819 1843 verbis
841 1789 940 1842 coner
962 1765 1111 1841 lectorem
1136 1766 1278 1852 docere,

210 1875 309 1950 quarn
334 1879 445 1932 acutus
468 1861 677 1952 dialecticus,
708 1889 765 1938 aut
786 1867 892 1960 gravis
906 1859 1117 2030 philosophus
1141 1865 1276 1938 tandem

108 2043 113 2046 -
209 1944 360 2042 evaserir3
386 1979 444 2028 aur
463 1985 532 2058 quo
554 1959 729 2036 studiorum
751 1960 883 2036 insolito
920 1961 1046 2034 uccellu
1068 1959 1111 2032 ad
1135 1959 1277 2056 palinam

209 2045 391 2146 theologici
407 2059 548 2128 nominis
605 2062 742 2131 rvenerit
752 2067 770 2154 ἓν
806 2061 920 2130 Unum
936 2078 1022 2130 certe
1031 2111 1043 2144 ,
1066 2053 1158 2154 quod
1174 2065 1215 2131 δε
1229 2083 1279 2132 ve·

209 2141 365 2218 riffimum
390 2150 448 2240 est,
472 2083 622 2230 audaldi
641 2155 748 2228 dicam
773 2153 787 2253 l
798 2149 875 2228 ablit
897 2153 1006 2252 procul
1027 2149 1177 2248 invidia)
1204 2179 1280 2226 nun·

209 2261 310 2332 quam
324 2239 419 2317 fuille
431 2250 629 2322 monachum
642 2253 674 2322 in
689 2251 828 2346 collegio
841 2245 1098 2340 Dunholmenst,
1113 2271 1278 2344 quantum

212 2333 256 2404 ad
271 2333 372 2408 sacras
388 2337 494 2415 literas
510 2349 659 2442 pertinet,
682 2345 741 2418 illo
755 2349 945 2421 doctiorem.
982 2342 1150 2418 Eruditutn
1165 2365 1278 2421 tamen
1320 2363 1321 2370 ’

211 2430 317 2502 virum
332 2430 425 2506 fuisse
439 2439 674 2534 Laurentium,
695 2441 836 2540 ejusdem
849 2441 990 2516 coenobii
1003 2445 1163 2527 Priorem,
1184 2448 1276 2528 novi;

211 2529 250 2596 δι
260 2522 365 2602 fateor
374 2531 517 2634 itemque
531 2539 715 2614 &naconem
727 2543 968 2614 llaecentorem.
988 2559 1020 2612 at
1032 2535 1054 2607 sr
1066 2563 1147 2610 cum
1157 2543 1279 2614 Utredo

212 2619 419 2714 conferatur,
447 2655 542 2727 aquo
560 2633 662 2729 judici
687 2633 858 2709 facundior
879 2663 977 2734 quam
1004 2636 1135 2710 doffior
1158 2635 1279 2710 videbi·

212 2736 274 2808 tur.
315 2723 416 2796 Porro
435 2751 574 2804 nonme
597 2728 677 2808 latet
696 2734 937 2820 Graiadunum,
963 2732 1041 2806 alias
1054 2731 1277 2828 Gieystonum
1322 2757 1323 2808 1

211 2814 385 2912 theologia
399 2821 620 2912 candidarum,
640 2827 781 2924 ejuldem
801 2829 867 2904 loci
884 2829 1094 2913 monachum,
1119 2827 1275 2926 probent

212 2929 279 2996 tem
325 2939 360 2986 ra
380 2915 537 3006 smebant,
557 2921 716 2996 literamm
734 2923 846 3018 fnium
871 2926 1188 3003 &Commentarios
1209 2923 1277 2997 scri·

213 3005 259 3104 pli
285 3037 304 3082 e
329 3015 363 3086 in
382 3019 586 3092 'Sententiam
623 3022 685 3096 Sed
707 3049 812 3122 neque
832 3019 984 3096 obscurus
1002 3043 1071 3095 erat
1093 3019 1274 3095 Gulieimur

212 3105 490 3212 &barisanam
505 3140 616 3188 verum
626 3140 700 3190 cum
712 3117 776 3190 hoc
790 3117 924 3191 collatus
935 3139 1059 3203 autore,
1071 3139 1203 3189 tantum
1215 3139 1276 3190 non
1322 3161 1323 3174 κ

212 3197 328 3277 sordet.
354 3230 420 3279 non
436 3211 674 3305 quodAliatico
689 3211 818 3288 dicendi
834 3240 963 3310 genere,
974 3213 1009 3286 id
1022 3213 1080 3302 est,
1092 3213 1277 3298 florulenta

211 3303 252 3372 dt
273 3301 420 3400 copioso,
443 3308 589 3382 (Bredas
604 3307 702 3408 usque
718 3311 801 3402 adeo
814 3309 940 3399 valeat,
961 3307 1019 3384 sed
1040 3311 1135 3410 quod
1157 3307 1277 3384 senten·

197 3393 328 3562 hurum
353 3397 495 3504 pondere
520 3410 558 3476 δε
579 3407 734 3502 gravitate
755 3405 884 3504 polleat.
924 3409 1081 3492 Mentior,
1104 3403 1168 3476 nili
1196 3409 1279 3482 idern

238 3493 352 3582 ixerit,
377 3491 519 3598 quisquis
534 3503 600 3597 ejus
614 3503 712 3574 lilnos
728 3527 802 3576 curn
813 3504 940 3600 judicio
956 3503 1140 3602 perlegerit.
1181 3507 1226 3574 Et
1243 3529 1278 3574 ne

213 3591 353 3679 ignores,
373 3596 492 3669 incidit
502 3603 535 3668 in
548 3619 706 3690 tempora,
725 3625 798 3696 quae
812 3601 899 3672 dotti
913 3601 973 3671 viri
989 3599 1134 3670 calamos
1152 3599 1278 3671 abunde

212 3703 386 3850 potuenmt
399 3718 559 3768 exercere.
585 3699 678 3768 Nam
695 3721 761 3793 quo
776 3696 885 3767 floruit
899 3693 1283 3790 tempore'Wcoliuiana

237 3779 335 3854 aerests
361 3783 425 3858 late
454 3816 510 3886 per
540 3790 723 3864 mortalium
753 3790 947 3885 grassabatur
973 3792 1128 3889 pedor23
1160 3791 1282 3864 invale-

213 3873 314 3950 scenti
337 3874 483 3970 fadlioni,
513 3907 666 3984 tanquam
691 3886 809 3960 athleta
829 3889 976 3973 invidus,
1000 3885 1149 3960 medium
1171 3885 1208 3961 se
1227 3913 1283 3982 op-

212 3969 330 4066 posuit,
354 3995 390 4044 ut
410 4003 452 4049 ex
474 3983 537 4053 hoc
559 3984 667 4059 indice
690 3981 863 4076 librorum,
886 4007 968 4082 quos
986 3977 1129 4080 scripfit,
1154 3982 1283 4084 liquido

36 4133 65 4137 „
214 4065 398 4162 apparebit:

1231 4181 1286 4248 De
