2668 4438
198 136 1000 244 DnSenmnonrnus‚Bm-numer&
1051 163 1120 240 391.

145 260 264 328 Contra
277 257 468 342 Praepofitum
482 257 611 340 Collegii
624 259 764 324 Mariani.
1296 205 1322 320 Ἰ

146 340 353 428 Quaestionum
365 339 418 402 lib.
434 359 461 403 1.

144 417 787 502 DeConcordiaregisRicherdi&civium.-
836 419 943 484 Miner
956 419 988 482 in
998 419 1126 492 undem:

146 503 342 570 Floscnlorum
356 521 393 567 ex
405 521 495 585 opere
506 502 664 587 Augustini
672 503 709 568 de
721 503 854 570 civitate
865 501 925 567 Dei
936 503 987 568 lib.
1002 521 1027 566 r.

126 619 246 696 Claufit
271 621 359 695 diem
383 625 457 696 vitae
477 617 538 696 suae
556 623 702 698 ultimum
725 609 929 702 Aaunova'd
946 636 1034 699 a'nno
1053 630 1125 702 Do·

64 723 146 794 mini
164 743 182 794 1
188 745 205 817 3
210 727 268 806 96.
285 717 460 793 &ibidem
473 717 646 794 tumulatus
660 721 717 794 est.

137 927 271 1016 CAP.
308 925 579 1018 CDXLVIII.
632 929 689 1012 De
703 925 865 1040 Marfilin
879 925 924 1012 de
937 931 1055 1042 lagen.

188 1130 266 1198 AR
278 1127 299 1200 S
312 1131 327 1200 1
340 1132 369 1200 L
383 1131 398 1198 Ι
412 1131 449 1199 U
463 1128 493 1220 S,
511 1127 553 1204 de
576 1132 693 1227 Inger,
722 1125 791 1202 sola
812 1121 985 1212 Diremit·
1006 1130 1127 1202 autori-

198 1241 264 1295 tate
280 1223 359 1297 nihi
373 1229 534 1322 cognitus,
558 1223 766 1325 philosophus
785 1227 944 1296 maximus
953 1277 964 1311 ‚
989 1249 1050 1296 nec
1064 1227 1127 1294 nri·

66 1342 127 1392 nor
140 1316 311 1412 theologus
323 1311 395 1392 fuit.
432 1323 513 1414 Q)
527 1343 664 1421 utroque
678 1323 810 1393 nomine
825 1319 962 1412 Parifir's
978 1345 1044 1391 non
1059 1344 1127 1391 me·

66 1415 219 1487 diocritet
233 1413 344 1488 charus
358 1436 444 1488 erat:
461 1437 574 1515 utpote
588 1420 645 1516 qui
655 1415 783 1492 illorum
795 1413 996 1489 academiam
1009 1416 1127 1490 floren-
1262 1421 1266 1430 '

65 1529 135 1582 tem
150 1505 209 1582 suis
222 1507 330 1583 studiis
345 1511 561 1586 florentiorem
574 1511 761 1588 reddiderit.
788 1510 888 1585 Unde
901 1509 989 1583 fama
999 1514 1044 1583 ita
1057 1513 1126 1610 ejus

67 1607 195 1676 virtutes
216 1609 392 1702 pervarias
411 1607 476 1682 late
492 1611 639 1703 regiones
658 1605 777 1705 sparfit,
799 1605 989 1700 divulgavit,
1011 1607 1127 1704 praedi·

15 1789 19 1798 .
66 1703 172 1784 cavit,
195 1722 232 1772 ut
254 1699 343 1776 brevi
366 1701 493 1792 multis,
515 1705 614 1802 idque
636 1701 834 1802 principibus
855 1705 942 1788 viris,
964 1707 999 1774 in
1021 1705 1143 1800 pretio*

66 1793 166 1868 effer:
191 1797 212 1866 ὲ
233 1795 348 1894 quibus
367 1801 545 1900 Repertus,
566 1801 717 1875 Bauariae
731 1797 868 1894 regulus,
891 1823 958 1870 non
975 1799 1128 1870 minimus

64 1889 139 1963 fuit.
178 1895 208 1962 Is
225 1917 316 1982 vero,
336 1893 429 1973 buris
443 1894 542 1968 literis
556 1918 653 1990 quam
669 1921 691 1966 o
715 1896 793 1965 time
810 1893 954 2006 cupiens,
977 1893 1127 1966 decreve*

65 1985 313 2082 ratHeydelber
331 2014 362 2064 ae
375 1993 450 2063 novi
463 1986 616 2084 gymnafii
629 1919 837 2060 fundamenta
845 2011 973 2083 jacere:
1000 2008 1127 2072 rantum
1215 2019 1220 2023 ¹

64 2079 262 2158 defiderabat
285 2087 294 2102 ⁰
320 2085 434 2160 ustrem
459 2084 599 2184 aliquem
624 2087 750 2168 virum,
777 2107 875 2182 quem
900 2103 968 2155 tam
990 2081 1127 2174 honeste

63 2180 157 2277 operi
172 2177 356 2278 praeficeret.
395 2183 509 2348 (fiune
530 2175 699 2252 transmifit
720 2177 892 2291 [mestum
913 2176 1127 2272 Paristorum,

380 2302 419 2351 ce
446 2304 456 2348 1

64 2277 123 2370 qui
141 2273 326 2368 Marsrlium
340 2301 378 2350 ac

61 2369 229 2455 instituto,
250 2371 434 2462 advolavit3
464 2398 524 2446 nec
544 2395 639 2447 antea
661 2369 693 2442 la

62 2463 376 2564 Heydelbergensem
390 2470 590 2546 academiam
605 2466 755 2542 omnibus
769 2465 882 2552 rebus,
906 2493 976 2564 quae
992 2465 1032 2539 ad
1047 2465 1127 2538 libe·

61 2559 250 2646 raleisertes
283 2569 433 2654 ertinent,
450 2571 510 2638 rite
523 2562 727 2665 perornasset.
760 2559 1127 2660 Atquehaecfnitscho·

61 2653 101 2728 lae
119 2591 412 2756 ffiydeldergensts
427 2666 530 2758 origo·

113 2760 269 2830 Praeterea
282 2755 388 2834 scribit
399 2757 607 2856 Trittemiun
621 2761 836 2863 thpedngi
848 2761 1065 2836 testimonium
1081 2753 1132 2844 seq.

59 2873 171 2937 cutm,
190 2853 378 2944 erstlium
388 2863 578 2930 canonicum
588 2857 681 2932 fuisse
692 2858 876 2934 Andreanae
885 2851 1036 2938 ecclefiae‚
1054 2877 1126 2950 quae

58 2949 110 3022 est
133 2944 265 3022 Coloniae
286 2951 488 3050 Agrinpinae:
516 2955 690 3051 adjicitque
704 2979 771 3026 non
788 2947 893 3024 deeiie
907 2973 1046 3034 autores,
1067 2951 1126 3044 qui

59 3043 156 3116 illum
173 3043 373 3118 Germanum
387 3045 478 3120 fuiffe
492 3045 672 3123 adfirment.
707 3053 885 3145 Utcunque
899 3072 979 3120 vero
994 3041 1043 3129 fit,
1057 3068 1126 3114 non

60 3142 157 3236 potui
174 3163 242 3210 non
257 3163 422 3242 numerare
436 3143 601 3221 hominem
613 3149 646 3218 in
660 3169 735 3218 meo
746 3141 909 3240 catalogo,
920 3165 1022 3242 quem
1034 3127 1074 3213 T
1066 3139 1126 3210 rit-

59 3235 187 3308 temiur
203 3241 266 3312 An‘
279 3233 350 3310 lum
364 3233 456 3313 fuiffe
471 3240 609 3315 testatur.
649 3243 812 3340 Denique,
837 3261 872 3310 ut
885 3265 928 3311 ex
944 3236 1126 3332 archetypis,

59 3351 215 3429 apparet,
251 3331 359 3432 cripfit
375 3332 473 3408 libros
514 3357 627 3411 uatunr
645 3333 860 3438 Qnstionum
879 3331 970 3434 super
985 3335 1123 3408 Senten-
1316 3399 1317 3416 ξ

60 3429 143 3516 tias,
166 3426 208 3499 de
229 3429 280 3502 Re
302 3433 403 3504 eninm
425 3363 621 3524 Didefrica,
646 3441 682 3506 &
698 3431 801 3532 plures
815 3431 1135 3508 Commentariorum
1196 3497 1198 3504 ,
1315 3453 1317 3468 ’

59 3520 161 3692 limos
176 3524 210 3592 in
224 3525 436 3622 Aristotelem.
474 3526 598 3604 Floruit
618 3525 676 3604 sub
697 3527 855 3606 Richardo
876 3523 1029 3614 secundo,
1053 3528 1125 3600 An·
1166 3529 1170 3546 '
1316 3519 1317 3540 ¹

53 3639 189 3720 garum
204 3643 289 3713 rege.
326 3709 329 3716 .

458 2298 537 2352 rent.
576 2275 644 2363 Ille,
666 2303 690 2347 ο
713 2277 961 2440 ιίωοὲηηεῐρίε
977 2271 1128 2348 accensus

739 2373 766 2442 ri
816 2395 890 2446 nem
911 2369 1004 2456 fecit,
1027 2396 1125 2467 quam

920 3985 959 4005 ‚¹
1009 3907 1123 3981 cnr.
