2668 4438
203 225 277 304 402
382 206 450 303 Jo.
485 202 698 277 chnuur
733 197 1086 276 coenaverunt

312 402 448 500 cnr.
488 400 717 520 cutxvc
765 399 966 510 0⁶va
981 392 1155 506 viano.

189 580 191 592 '
233 568 483 654 onNNEs,
505 569 641 640 vicarius
661 563 729 640 fani
752 569 802 642 M
838 565 959 644 dolena·
978 567 1011 637 in
1033 565 1129 646 Vada
1147 563 1270 665 Iside,

199 577 232 745 ‚l
248 663 456 765 philosophia
471 669 509 738 &
526 662 697 758 theologiae
711 591 1056 759 planelliudiofiffimus
1070 683 1151 736 erat.

207 780 266 930 Εἴ
288 781 414 844 autern,
437 759 480 832 ad
494 783 591 855 quem
606 767 644 833 &
657 757 820 835 oculos&
834 760 977 830 animum
993 761 1135 832 intentus
1149 757 1274 854 dirige-

249 909 250 912 ¹
263 908 275 944 ³

296 882 363 929 non
374 854 543 940 alluserat,
566 879 662 952 quam
674 876 709 928 ut
719 855 862 951 Istacam
874 851 1002 956 plebem
1015 851 1178 956 frequenti
1192 879 1273 927 con-

207 957 305 1030 cione
323 949 674 1036 avitionunnsorribus
692 949 734 1024 acl
750 953 873 1028 virtutis
887 950 1080 1024 munditiem
1096 948 1185 1022 rech
1201 974 1274 1050 per-

208 1050 349 1121 duceret.
388 1051 465 1120 Hoc
486 1050 585 1120 etiam
605 1046 647 1118 ad
670 1045 833 1122 cumulum
853 1045 1006 1118 candidus
1025 1045 1180 1145 idemque
1203 1050 1272 1144 pius
1323 1089 1324 1120 l

207 1145 259 1218 aff
291 1147 348 1234 'it;
369 1141 520 1216 videlicet
532 1140 713 1234 Hwniias,
749 1141 851 1218 ,uibus
872 1139 914 1218 ad
933 1143 1089 1240 pietatem
1113 1167 1155 1237 pe
1216 1163 1273 1213 tuo
1323 1135 1324 1180 ³

207 1265 227 1312 t
263 1241 379 1315 endam
392 1239 522 1331 runos,
536 1167 819 1336 emdltosquiiem
831 1235 916 1324 illos,
929 1235 1153 1335 Istacus&ip
1166 1263 1185 1310 e
1200 1262 1274 1310 tuo

208 1336 260 1407 dis
274 1334 422 1407 omnibus
436 1337 594 1406 incitaret.
630 1333 795 1410 Postremo
811 1329 1001 1406 collectione
1019 1329 1105 1404 faura
1123 1327 1251 1408 easdem
1260 1387 1274 1420 ,
1301 1371 1304 1376 ·

210 1432 385 1528 posteritati
408 1433 495 1504 reste
515 1425 702 1519 confulens,
725 1437 761 1503 in
781 1427 933 1505 volumen
954 1427 1100 1524 redegit3
1124 1429 1216 1528 quod
1238 1435 1275 1506 &

212 1525 376 1622 publicum
391 1525 480 1602 fecit.

268 1673 406 1794 cnr.
444 1711 691 1797 coortu.
745 1711 802 1792 ne
817 1703 986 1792 tunimo
1000 1701 1222 1816 ananan.

215 1877 616 2051 GULIELMUS
640 1875 872 1971 Wrdofhrdus,
901 1893 1035 1972 accepta
1058 1895 1136 1970 toga
1165 1875 1277 1950 Fran

319 1973 452 2072 ostana,
477 1977 523 2056 ita
536 1973 662 2054 streone
674 1969 1009 2072 operamolabatcunt
1023 1967 1118 2048 rebus
1131 1967 1277 2070 philoso-

213 2065 338 2168 phicis',
361 2091 430 2142 turn
451 2073 550 2143 etiam
573 2067 776 2163 theologicis,
802 2087 837 2138 ut
857 2066 1002 2152 tandem,
1025 2065 1123 2165 idque
1142 2069 1278 2154 metito,

213 2169 297 2237 inter
310 2163 507 2240 literatorum
522 2189 669 2260 proceres
681 2159 903 2241 recenseretur.
926 2185 1106 2261 quanquam
1123 2161 1192 2232 haec
1209 2161 1279 2236 lans

215 2257 312 2332 alicui
330 2261 431 2334 videri
450 2259 553 2358 potest
575 2260 616 2333 ab
636 2257 765 2334 adfectu
785 2261 1011 2358 potiusquam
1026 2256 1153 2356 judicio
1171 2255 1279 2354 profi«

51 2409 56 2420 .
217 2351 318 2438 cisci,
343 2353 400 2426 nili
417 2352 514 2428 verba
525 2353 634 2428 illustri
650 2355 783 2454 probem
798 2375 999 2450 argumento.
1031 2357 1144 2450 ltaque
1156 2354 1195 2426 ‘m
1212 2379 1280 2428 me·

215 2447 305 2522 dium
321 2447 492 2535 adducam,
516 2450 605 2544 quod
614 2451 769 2546 judicium
783 2449 866 2526 bene
877 2449 1049 2527 confirmet
1061 2451 1097 2522 in
1108 2447 1173 2522 hac
1186 2467 1276 2546 parte

217 2565 338 2616 meum.
353 2545 493 2641 Joannis
509 2543 645 2621 Wiclr'vr'
658 2544 778 2620 haerefis
788 2548 856 2644 jam
872 2546 948 2634 lnte,
967 2542 1037 2644 ipso
1052 2565 1196 2631 mortuo,
1214 2541 1276 2618 ser·

218 2637 341 2738 plorat,
369 2637 509 2738 altasque
537 2645 571 2712 in
598 2640 768 2716 multorum
821 2642 981 2718 estoribus
1004 2643 1129 2716 radices
1155 2659 1277 2734 egerat.

220 2737 332 2830 Qare
358 2734 619 2834 pernecellarium
644 2735 746 2810 visum
768 2669 820 2814 etl
842 2737 883 2814 T
875 2738 977 2814 homa
996 2733 1277 2828 anuntonadenst.

220 2831 410 2910 Cantiorum
424 2829 678 2930 archiepiscopo,
701 2829 932 2908 ecclesusticos.
947 2855 1052 2933 patres
1073 2832 1221 2910 Lmrlivi
1242 2831 1276 2902 in

220 2926 395 3002 concilium
416 2953 548 3002 vocare:
575 2929 641 3016 ubi,
664 2955 739 3002 curn
762 2928 862 3006 multa
880 2933 914 3002 in
936 2951 1106 3026 utramque
1125 2921 1277 3008 differtus·

119 3021 124 3030 ⁴
221 3019 292 3096 sent
312 3047 455 3120 patrem,
478 3023 602 3102 Vicliu
617 3023 717 3098 sauro
733 3025 962 3100 communibus
970 3023 1124 3120 suffragiis
1138 3021 1275 3098 carbone

222 3138 335 3190 notata
348 3119 404 3200 est.
443 3123 496 3207 Et,
520 3148 561 3194 ne
575 3119 651 3194 illud
668 3125 836 3196 autoritate
850 3125 952 3214 magis
970 3146 1074 3220 quatuv
1089 3123 1214 3195 ratione
1232 3113 1279 3188 fa·

183 3274 192 3286 ,
223 3215 311 3288 &tum
328 3211 504 3302 diceretur,
528 3216 691 3296 decretum
705 3217 761 3302 est,
784 3238 819 3288 ut
830 3215 971 3290 famosus
988 3215 1146 3293 Vrcoclr'vi
1159 3210 1199 3292 T
1190 3209 1279 3286 riula-

219 3335 284 3408 gur
302 3307 360 3408 ⁸vel
381 3305 490 3382 solidis
511 3315 716 3404 argumentis,
738 3320 775 3386 δι
793 3312 883 3386 edito
901 3315 934 3384 in
956 3312 1020 3385 hoc
1041 3311 1170 3409 publice
1187 3307 1280 3392 libro,

202 3437 207 3446 ·
224 3410 477 3477 convinceretur.
495 3405 556 3476 Cui
573 3411 744 3502 provinciae
759 3433 835 3479 curn
850 3406 893 3480 ab
907 3406 978 3482 aliis
993 3407 1114 3496 multis,
1126 3429 1198 3480 tum
1232 3429 1282 3476 rae·

226 3503 321 3598 cipue
332 3504 350 3572 a
361 3502 514 3576 Cantiano
525 3501 733 3596 Widfirdus
746 3501 834 3602 pugil
846 3504 983 3576 invicius
994 3501 1207 3598 defignattue

275 3597 369 3690 Qid
387 3623 450 3690 ego
470 3622 568 3670 coner
584 3597 681 3694 longa
700 3602 846 3676 oratione
865 3624 928 3697 prae
945 3599 1046 3674 oculis
1061 3623 1199 3698 ponere,
1221 3622 1283 3696 qua

217 3692 342 3782 virtute
357 3715 411 3765 aut
425 3693 538 3790 quibus
550 3692 621 3766 telis
637 3691 848 3767 adversarium
862 3693 1085 3782 vulneraverit,
1131 3695 1285 3766 rostrave·
1323 3687 1324 3698 ¹

226 3787 279 3868 rit,
303 3785 375 3857 deni
400 3813 439 3858 ue
450 3787 664 3884 jugulaverit?
692 3789 809 3885 prodiit
828 3793 934 3876 enim,
958 3789 1086 3888 aliquot
1095 3721 1221 3864 airhinc
1234 3817 1285 3860 an·

94 3903 97 3910 ’
227 3884 288 3966 nis,
310 3814 488 3974 ejusqliber,
511 3911 607 3982 quem
626 3883 891 3978 Arentovallenst
908 3885 1080 3970 dedicavit,
1104 3889 1193 3983 typis
1209 3887 1284 3960 Ger·

226 3972 517 4049 manicisexcusur:
531 3980 669 4076 ideoque
701 3979 842 4053 ublicunr
852 3981 919 4054 esto
928 3973 1125 4057 eruditorutir
1136 3985 1285 4054 omnium

229 4069 268 4139 de
281 4069 552 4170 operejudiciurn.
575 4078 664 4174 Scrrp
677 4098 864 4174 rrpraetetea
1158 4170 1185 4235 L

316 4169 322 4212 ἶ
1187 4171 1287 4234 ibrum
