2668 4438
176 189 596 276 natantianatantia
618 193 959 272 Bnrrnuu'rcr's}
1032 198 1109 296 '439

56 353 147 415 nere,
167 331 202 402 in
216 324 289 429 ipsis
303 323 429 425 Angliae
443 321 612 400 visceribus
625 319 844 410 excrescente,
867 321 983 396 bellurn
1004 321 1117 419 geffit,¹

57 429 255 524 tandemque
271 425 439 498 victoriam
457 422 640 519 reportavit.
664 419 718 494 sed
733 445 800 492 non
813 422 897 520 prius
911 441 1008 516 quarn
1022 419 1112 518 prin-

56 525 167 619 cipem
185 517 300 618 ipsum,
323 521 420 618 idque
440 516 568 614 publice
588 517 623 588 in
642 513 804 612 suggestu,
824 513 978 588 socordiae
993 517 1028 585 in
1042 534 1112 588 ram

58 613 241 716 periculoso
255 615 343 690 malo
357 611 579 688 admonuisset.
615 613 704 684 Volo
718 612 785 696 hic,
801 610 937 682 candide
949 608 1063 695 ledor,
1074 628 1114 684 ut

57 735 170 786 tecum
185 715 300 785 iterum
319 733 416 809 atque
434 715 548 782 iterum
567 733 730 804 nunquam
749 703 821 778 satis
837 705 997 779 laudatam
1014 705 1117 782 Hen-

57 810 123 882 rr'ci
136 811 216 903 regis
228 807 419 880 modestiam
433 805 604 904 expendas.
628 805 721 876 Adeo
731 824 817 874 certe
828 799 960 872 liberam
972 809 1013 872 ac*
1023 825 1125 900 aper«

58 919 127 975 ram
143 903 382 976 concionatoris
396 901 652 974 admonitionem
665 923 746 992 aegre
762 923 827 969 non
841 893 934 981 rulit,·
948 915 988 968 ur
999 893 1042 969 ab
1055 894 1115 972 illo

59 1004 160 1094 gratia
170 997 225 1071 sua
237 995 453 1092 digniffimunr
464 996 598 1070 duxerit.
622 998 722 1068 Tanti
736 1019 784 1068 res
799 993 844 1066 est
859 993 1015 1066 momenti
1028 993 1118 1092 pritt-

58 1096 162 1190 cipes,
175 1099 211 1166 in
224 1091 313 1180 loco,
325 1095 419 1165 errati
434 1117 507 1164 cum
520 1092 643 1188 judicio
657 1091 842 1164 admonere.

109 1197 187 1266 Erat
209 1193 245 1266 id
266 1196 418 1292 temporis
440 1193 621 1296 Stephanus
643 1192 905 1274 Parerendunar,
927 1186 1116 1284 carmelita,

60 1292 96 1372 in
110 1291 257 1360 maximo
272 1289 355 1390 apud
370 1313 478 1384 regem
495 1292 618 1388 pretio:
643 1290 669 1358 is
688 1287 836 1362 omnibus
853 1285 960 1361 modis
982 1287 1117 1372 curavit,

61 1407 99 1458 ur
125 1381 293 1460 Vadideni
316 1382 402 1457 fatna
427 1410 483 1487 per
505 1389 625 1478 regiam
649 1399 746 1480 qu'am
768 1381 937 1456 clarissuma
957 1377 1054 1469 elsct3
1077 1387 1118 1454 dc

60 1479 207 1567 tandem,
230 1479 318 1578 quod
332 1480 462 1568 uoluit,
484 1481 604 1556 effecit.
647 1483 732 1556 Acce
756 1503 805 1552 tus
826 1479 871 1553 est
894 1477 958 1549 boc
980 1475 1120 1578 pado}

62 1600 139 1670 rege
154 1577 188 1648 in
203 1575 333 1650 concilii
348 1599 482 1674 partem,
500 1575 565 1652 sue
579 1577 620 1652 de
635 1599 670 1652 rc
708 1507 824 1662 ablica,
843 1571 897 1649 seu
909 1573 950 1647 de
961 1569 1121 1667 religione

61 1670 195 1766 quallio
215 1669 303 1745 esset.
344 1668 497 1768 Solusque
516 1675 535 1743 a
554 1695 622 1746 tora
638 1603 806 1746 nobilitate
820 1667 909 1770 pugil
921 1665 1040 1743 electu
1052 1665 1122 1752 est,

61 1769 121 1862 qui
135 1764 326 1862 fulminante
362 1767 449 1840 ladio
463 1768 653 1864 evangelica
664 1769 815 1841 dodrinae
827 1761 965 1866 perfidas
980 1760 1119 1862 Vigor-11·-

62 1862 138 1935 vr'eu
151 1886 233 1956 rum,
256 1863 322 1940 Hu
347 1879 508 1939 alanorum
515 1916 526 1952 ,
546 1869 583 1939 δὲ
594 1863 808 1959 Pragenfium
822 1872 941 1935 turmar'
955 1858 1120 1945 multaret,

64 1979 235 2056 premerer,
258 1979 441 2057 protereret.

113 2052 332 2130 Commodum
357 2051 504 2157 profecto
528 2055 562 2128 id
582 2052 716 2142 farrum,
739 2079 813 2128 nam
836 2073 905 2126 mm
928 2049 1118 2220 Copstantiae

65 2149 220 2222 inactum
242 2173 310 2224 erat
330 2150 517 2238 concilium,
541 2158 578 2224 &
592 2175 647 2224 rex
664 2149 787 2224 necesse
801 2149 941 2222 habebat
955 2152 966 2220 i
990 2172 1030 2220 uc
1045 2149 1122 2216 mit-

63 2266 132 2319 tere
144 2241 298 2344 infignem
312 2245 452 2343 aliquem
469 2251 586 2348 pietate
600 2250 713 2334 virum,
736 2251 791 2342 qui
807 2243 981 2318 multorum
995 2245 1122 2316 animos

64 2339 158 2412 dictis
170 2365 306 2436 regeret,
329 2348 367 2416 δε
388 2343 516 2440 Ρεᾶοτα
540 2341 704 2422 mulceret.
744 2347 865 2416 Orator
878 2345 974 2435 igitur
987 2359 1054 2412 tam
1068 2360 1121 2410 at«

65 2435 133 2508 duo
151 2440 285 2534 negorio
306 2433 481 2532 defignatus
503 2440 547 2512 est
570 2441 589 2514 a
609 2459 683 2534 rege
705 2435 906 2515 Valledenus
933 2434 1020 2535 (una
1042 2457 1121 2508 cum

55 2529 188 2628 Joanne
207 2533 330 2628 Clynto,
354 2561 419 2606 non
435 2538 522 2634 parui
538 2536 676 2610 nominis
692 2533 860 2628 theologo„
883 2553 916 2605 ar
940 2558 980 2604 ue
1000 2527 1122 2606 Guliel-

65 2652 118 2702 mo
132 2633 278 2707 Sturmio
289 2639 326 2706 &
337 2631 501 2729 Hartongo
513 2631 608 2717 Clux,
621 2628 794 2728 equitibus,
806 2633 863 2728 qui
878 2557 993 2702 callem
1006 2623 1121 2718 iunge·

64 2721 180 2798 bantur
192 2725 369 2822 legatione)
388 2733 426 2799 br
437 2753 492 2826 per
499 2727 607 2800 literas
620 2723 751 2800 concilii
762 2723 944 2818 proceribus
954 2743 1123 2794 commen·

62 2818 171 2896 datus.
209 2823 360 2912 Longum
372 2820 424 2892 hic
437 2819 683 2895 efferrecensere
694 2820 773 2917 quid
783 2818 837 2892 ille
848 2823 881 2892 in
894 2817 1036 2908 concilio
1045 2837 1123 2910 ege-

62 2916 122 3001 rit,
144 2935 244 3010 quarn
259 2913 360 2988 multa
373 2937 447 2986 cum
462 2914 604 3009 copiose,
625 2937 694 2986 turn
710 2919 846 3010 graviter
859 2914 901 2988 de
916 2912 1009 2990 rebus
1023 2911 1065 2983 ad
1079 2907 1122 2980 fi-

64 3007 143 3086 dem
159 3007 389 3108 pertinentibus
403 3009 588 3082 disseruerit,
619 3015 662 3082 At
676 3009 701 3082 fi
714 3035 811 3107 quem
825 3013 914 3106 juvat
928 3007 982 3082 illa
998 3031 1122 3103 cogno·

63 3101 167 3194 scere,
190 3099 358 3176 clariffima
372 3107 406 3176 in
420 3108 486 3204 ejus
498 3101 584 3178 libris
596 3109 707 3178 omnia
722 3107 877 3180 inveniet·

115 3209 183 3280 Hic
198 3204 290 3278 locus
305 3204 395 3280 valde
410 3207 747 3306 opportunutlemibi
762 3207 878 3296 offert,
901 3204 1057 3307 utpalam
1073 3202 1123 3278 fa·

65 3303 165 3390 eiam,
178 3325 262 3400 quos
275 3304 432 3399 principes
447 3304 572 3380 circiter
586 3323 730 3403 tempora
745 3304 874 3378 concilii
885 3331 927 3378 ex
940 3299 1036 3400 praesc
1051 3305 1062 3373 i

68 3399 222 3485 Henricr‘,
247 3399 314 3492 ejus
329 3397 677 3496 appellationis‘quinti,
697 3399 840 3474 adiverit
875 3321 1123 3490 Udstaumff

68 3490 160 3568 hurle
179 3517 301 3586 regem,
324 3496 551 3570 Alexandrum
567 3496 733 3592 Hraaoiae
754 3497 890 3584 ducem,
915 3503 952 3568 δε
975 3493 1122 3570 amha-

66 3587 134 3664 Iem
148 3587 286 3684 Pruffiae
298 3591 542 3692 gubernatorem
551 3591 603 3666 ad
612 3589 774 3690 publicum
790 3586 877 3688 pacis
889 3590 1023 3678 bonum,
1037 3612 1074 3664 ur
1086 3593 1125 3663 in

6 3719 14 3732 ·
69 3685 229 3761 mandatis
248 3693 434 3785 acceperat,
453 3687 576 3762 strenue
590 3689 774 3776 exhortatus
787 3687 844 3759 est.
858 3749 865 3758 .
878 3686 962 3758 Non
975 3683 1039 3760 fuir
1053 3690 1124 3784 ejus
1205 3707 1206 3712 ’

6 3853 7 3880 2
70 3779 158 3878 apud
179 3799 285 3854 tantos
305 3789 392 3866 viros
412 3782 490 3857 letis
512 3785 682 3882 autoritas:
702 3807 794 3868 nam,
806 3799 1023 3884 *proterqrmm
1033 3777 1125 3882 quod

6 3881 10 4000 ἑ
68 3871 254 3989 persuasetit
267 3873 328 3949 illis
342 3883 455 3978 pacem
469 3876 652 3986 efferarum
666 3883 813 3982 omnium
828 3881 999 3978 optimam,
1019 3880 1124 3971 impe·

69 3989 168 4044 travit
183 3986 302 4062 cnam',
318 3996 359 4061 ut
376 3973 574 4050 Carmelirrcr
583 3975 730 4050 nominis
742 3973 846 4048 honos
859 3977 894 4048 in
909 3995 976 4048 ram
990 3970 1125 4044 remotis

6 4137 12 4192 ἰ,
67 4073 89 4142 a
107 4064 165 4145 suo
177 4063 257 4144 orbe
269 4067 452 4164 regionibus
465 4071 500 4142 in
515 4069 725 4192 ρεέτὶρςίίὲτ
756 4073 848 4150 Nam
863 4083 939 4189 anto
952 4059 1124 4247 {muz

92 4217 97 4222 .
574 4201 603 4216 ,,
890 4189 966 4237 „2
