2654 4444
186 138 251 208 on
275 128 622 226 semisomnus
646 130 993 248 Brittannicis·
1061 163 1134 260 §4¹

125 352 262 490 CAR.
306 342 548 465 CCCLVH.
604 343 661 426 Dr
674 339 844 464 Gulielrpo
858 347 1082 486 Ludenduaiu.

161 549 475 651 ULIELMUS
500 547 744 644 Mandatus,
778 553 965 648 camelae,
987 557 1137 632 exile

121 661 123 666 '
169 645 234 725 ‘aia
251 643 429 744 οιῖιιιιάιιέ,Δ
450 641 663 744 vit'maximae
677 643 771 719 famae
785 643 857 721 fuit.
897 653 1054 748 Qareo
1077 645 1137 740 erae

64 748 210 847 pretium
226 745 294 817 'erit
315 737 524 839 cognoscere,
547 743 663 842 quibus
680 744 721 837 ad
737 741 827 816 illam
842 745 990 840 gradibus
1005 678 1137 822 adlien-

65 843 162 942 detit.
205 841 369 940 Principio
386 841 472 913 viam
489 835 546 913 fibi
564 841 607 915 ad
626 841 842 914 immortalem
857 837 978 916 famam
995 848 1138 942 aperuit,

67 963 139 1038 quo
153 960 301 1038 tempore
316 929 495 1025 oxonium,
517 935 691 1028 studiorum
704 939 826 1036 gratia,
848 940 950 1030 uenit.¹
968 951 972 960 '
987 939 1136 1036 Diligen-

65 1041 115 1107 tia
131 1036 229 1108 etiam
245 1031 371 1134 aliquid
386 1031 530 1122 addidit3
561 1033 655 1108 nullis
669 1036 792 1128 etenim
802 1040 951 1134 'pepercit
964 1033 1138 1122 laboribus‘,

68 1129 182 1225 donec
192 1139 230 1204 δι
245 1137 417 1204 nomen&
431 1129 528 1203 decus
542 1127 687 1226 theologi
703 1127 885 1232 supremum
900 1133 1037 1225 accepit.
1067 1136 1136 1216 De-

68 1225 148 1300 inde
160 1231 180 1302 a
191 1223 373 1327 proceribus
384 1223 652 1312 Carmelitarum,'
666 1226 821 1324 Angliam
834 1227 1059 1320 incolentium,
1067 1218 1135 1322 'pro

69 1319 425 1416 communi-religionis
447 1317 541 1402 causa
564 1322 598 1395 in
621 1323 761 1400 Galliam
781 1321 903 1412 missus,
926 1327 971 1396 ita
992 1323 1136 1409 strenue,

69 1419 224 1514 graviter,¹
248 1417 467 1515 &prudenter
481 1415 513 1491 se
527 1417 641 1514 gessit,
664 1443 700 1520 ut
713 1417 833 1510 multos
846 1447 889 1494 ex
904 1417 1043 1520 patribus
1058 1422 1135 1493 Car-

70 1513 209 1588 melitici
222 1513 353 1600 ordinis,
370 1512 437 1587 illic
452 1540 494 1588 ex
509 1513 694 1614 praescripto
706 1521 921 1612 congregatis,
933 1519 968 1587 in
984 1540 1136 1612 magnam

69 1607 121 1682 sui
140 1609 384 1694 admirationem
406 1617 548 1703 traxerit.
585 1615 698 1712 Itaque
713 1637 787 1685 cum
803 1613 952 1698 aliorum,
975 1631 1043 1684 turn
1060 1635 1137 1710 prae-

70 1710 167 1806 cipue
181 1705 336 1798 Gerardi,
359 1711 456 1779 totius
471 1707 592 1780 ordinis
607 1705 742 1807 praesidis
756 1709 904 1795 maximi,
930 1698 1056 1780 calculo
1079 1706 1136 1779 ad·

71 1801 235 1900 probatus,
255 1801 448 1898 gubernator
462 1802 568 1875 statim
584 1802 763 1898 defignatus
778 1803 826 1876 est¹
838 1802 938 1876 tribus
953 1805 1138 1902 provinciis}

71 1897 224 1972 videlicet
237 1899 376 1996 Angliae,
390 1903 501 1998 Cypro,
516 1906 553 1972 &
569 1896 683 1978 Terrae
699 1899 839 1974 Sanli'ae.
866 1904 971 1997 Atque
985 1899 1050 1990 hoc
1065 1901 1137 1997 qui-

72 1994 148 2069 dem
160 1995 283 2068 honore
292 1991 457 2090 insignitus
469 1993 531 2066 firit'
540 2021 626 2066 anno
636 1997 656 2065 a
666 1994 796 2088 Christo,
811 2013 848 2065 ut
858 2019 922 2088 ego
935 1991 1010 2086 legi,
1028 1998 1135 2088 1'312.

122 2095 355 2179 Antearamen,
365 2089 480 2190 quibus
488 2090 594 2170 modis
604 2087 753 2189 profed’ro
763 2085 884 2175 nescio,
897 2085 937 2160 lis
949 2108 1018 2179 orta
1029 2089 1074 2160 est
1086 2093 1136 2162 in-

72 2205 126 2260 ter
139 2185 226 2262 illum
242 2195 279 2263 &
292 2186 495 2277 Gerardum,
515 2173 674 2281 summum
688 2183 940 2290 carmelitarum
956 2180 1114 2282 praesrdem
1122 2211 1135 2274 3

71 2310 92 2357 e
160 2309 239 2358 eres
251 2285 392 2369 devenit,
415 2303 452 2356 ut
462 2283 588 2381 judicio
604 2285 733 2356 condius
746 2280 785 2354 fit
799 2280 941 2355 Gerardo
958 2281 1135 2377 potentiori

71 2405 114 2452 ce
137 2405 201 2455 ere.
240 2382 327 2478 Qae
346 2405 412 2466 res,
435 2401 472 2452 ut
489 2383 630 2477 ingenue
647 2375 760 2465 fatear,
782 2374 992 2474 ejus'famam
1013 2371 1136 2475 alioqui

70 2473 225 2550 illustrem
240 2499 350 2576 pamm
366 2473 557 2562 obscuravit.
595 2479 689 2548 Nam
706 2473 854 2570 Lutetiae
870 2471 1071 2579 Parisraruan
1086 2475 1137 2544 in·

71 2592 124 2644 ter
138 2571 283 2648 homines
297 2569 344 2646 sui
359 2573 478 2648 ordinis
490 2571 526 2660 id
540 2571 659 2668 palam,
682 2571 828 2671 quamvis
843 2567 1029 2660 subinvitus‚
1053 2566 1137 2640 dixit

72 2665 168 2740 fimul
189 2679 227 2746 &
245 2669 347 2756 fecit,
373 2668 463 2766 quod
482 2664 556 2740 laeso
578 2663 774 2740 satisfaceret
794 2665 945 2759 Geroda
982 2663 1137 2762 Denique

72 2763 250 2838 conciliato
270 2762 407 2862 praesrdis
426 2762 557 2850 favore,
579 2766 716 2862 patriam
734 2760 823 2836 suam
844 2762 992 2858 repetiit,
1015 2755 1069 2832 ubi
1094 2756 1137 2833 ad

69 2859 194 2934 multos
219 2884 321 2932 annos
344 2857 451 2954 postea
473 2862 508 2930 in
532 2885 650 2956 magna
671 2857 857 2947 celebritate
882 2859 974 2930 vixit.
1014 2857 1136 2924 Extant

72 2977 157 3027 vero
169 2955 236 3024 e'us
247 2956 281 3024 in
296 2949 456 3026 Mtthaei
467 2951 683 3050 Euangelium
697 2945 942 3050 commentarii,
955 2946 1134 3046 locupletes

74 2979 218 3121 nervosae
232 3048 418 3122 eruditionis
431 3047 534 3120 testes.
572 3043 671 3123 Diem
686 3048 769 3122 obiit
783 3045 1001 3146 Stenosordae‚
1024 3051 1061 3121 &
1074 3041 1153 3118 ibi--

74 3146 152 3220 dem
168 3143 324 3230 coenobio
339 3140 587 3242 Carmel'raratm
603 3141 738 3244 sepultus
753 3146 809 3235 eil.
945 3203 947 3208 .
1033 3193 1034 3200 κ

125 3230 205 3315 Siste
217 3237 363 3337 gradum,
386 3234 498 3327 ledon
520 3230 612 3316 aliud
619 3231 770 3329 occurrit,
791 3242 881 3341 quod
893 3261 926 3314 te
939 3233 1135 3334 cognoscere
1191 3283 1195 3294 ·

74 3336 173 3411 volo:
198 3339 271 3424 usus
285 3337 331 3415 est
345 3333 542 3410 familiariter
556 3329 683 3416 Thomu
697 3337 829 3431 Illenr'u,
853 3335 1010 3429 theologo
1030 3335 1134 3410 Gran·

78 3449 174 3528 rano,
196 3431 250 3510 sed
264 3433 437 3511 Carmelita
453 3433 683 3602 Gipprvicensts
697 3435 863 3536 coenobii,
885 3434 941 3530 qui
957 3427 1133 3528 aliquando

77 3529 200 3626 Brugis
221 3529 419 3627 theologiam
440 3529 505 3630 pub
517 3536 567 3606 ice
590 3529 809 3633 profitebatur,
835 3537 874 3616 ἀ
895 3553 960 3604 nou
983 3524 1133 3600 indoctos

77 3629 329 3712 c'ommeatarins
343 3631 377 3701 in
390 3627 629 3708 revelationem
635 3628 774 3726 Joannis
789 3627 901 3702 edidit.

916 3871 918 3878 ’
1015 3909 1133 3983 cae.
