2670 4442
15 217 17 290 p
165 188 962 270 DuScarrronrtusBuranuurors.
1020 207 1107 296 '255

49 342 146 417 quam
170 316 279 390 alieno
299 311 452 410 exemplo
472 317 622 388 virtutem
642 315 804 484 amplecti,
828 319 906 392 vitia
928 323 1038 409 vitare,
1059 329 1110 408 δε,

49 415 136 514 quod
151 413 201 486 his
214 439 282 484 non
296 408 447 480 infimum
462 413 600 496 accedit,
615 437 682 509 quo
722 409 941 512 ipsedidicisti
956 416 1035 489 alios
1049 416 1109 491 do·

49 536 137 600 cere3
163 506 441 608 quemadmodum
455 507 560 580 noster
575 508 774 582 Henhamus
789 506 886 597 fecit,
910 514 967 610 qui
988 516 1008 582 a
1027 533 1109 586 tem-

52 632 124 702 pore
144 605 300 703 Hengisti
321 595 473 695 Saxonis,
500 601 598 701 usque
614 604 655 676 ad
669 631 786 676 annum
805 629 908 698 1244.
930 632 979 680 res
994 614 1049 682 An
1069 607 1110 684 li·

52 727 100 776 tas
115 698 319 800 scriptitem
336 699 421 770 bona
437 695 514 784 fide,
535 725 631 798 quarn
648 703 703 798 qui
719 727 859 798 unquam
873 708 1020 800 optima:
1042 635 1110 790 led,

53 823 117 896 quae
131 819 223 874 erant
236 795 360 880 saecula,
373 792 524 868 facundia
537 798 661 892 impari.
687 795 721 867 id
739 793 829 894 quod
839 820 980 970 papparet
994 825 1036 872 ex
1050 823 1108 874 ve.

53 899 106 967 teri
129 892 330 991 exemplari,
359 889 450 988 quod
471 915 572 990 nuper
592 894 626 962 in
648 889 843 964 bibliotheca
904 895 1108 994 allidentnfir

42 990 231 1088 [monasterii
245 990 361 1084 reperi.
400 987 505 1073 Vixit,
524 1007 677 1080 regnante
690 989 836 1063 thrico
850 993 955 1061 tertio.
1032 1030 1034 1035 ·

104 1184 239 1269 cnr.
277 1182 546 1268 ccxrurrv.
592 1179 645 1260 oe
661 1141 865 1264 Alexandro
883 1161 1054 1292 aaran

161 1371 477 1454 LEXANDER,
498 1371 673 1464 Castrenfis
692 1367 1018 1470 episcopuscivitatis,
1036 1395 1109 1470 quaa

188 1469 359 1564 antiquitus
374 1471 395 1537 i
408 1467 576 1541 Blitannis
593 1469 718 1540 civitas
734 1467 1110 1564 Legionumdicebatur,

53 1561 95 1634 ab
119 1565 279 1646 Antonino
301 1585 408 1636 aurern
430 1565 528 1638 Deva
550 1564 569 1631 a
590 1562 722 1635 flumine
741 1563 949 1636 celeberrimo
966 1562 1109 1662 ejudem

54 1662 195 1735 nominis
209 1658 446 1758 praeterlabenre
459 1677 593 1741 vocata,
621 1656 738 1730 claram
755 1657 811 1732 srbi
826 1684 882 1756 per
894 1660 1012 1746 literas,
1037 1662 1108 1759 qui·

54 1751 113 1826 bus
124 1753 245 1843 floruit,
269 1752 390 1828 famam
404 1757 610 1852 comparavit.
651 1758 729 1826 Haec
744 1754 791 1827 illi
805 1750 867 1827 fitit
878 1754 1048 1830 reffiffima
1062 1752 1111 1828 se-

52 1851 143 1940 mita,
169 1875 242 1951 quae
260 1851 302 1924 ad
322 1847 513 1924 illustriffimi
535 1851 685 1948 principis
705 1851 846 1924 Henrici
867 1855 965 1938 tertii,
993 1851 1111 1950 Angla-

52 1969 126 2026 rum
148 1951 252 2044 tegis,
273 1951 407 2041 gratiam
430 1949 585 2043 pervenit.
621 1947 721 2018 Unde
743 1954 780 2020 &
801 1947 910 2042 postea
931 1949 1107 2041 casnensts

54 2041 222 2156 episcopm
241 2039 359 2158 fabius:
385 2067 459 2116 curn
478 2067 545 2207 qpro
565 2066 652 2113 novo
670 2041 909 2208 bonorelcrevit
922 2045 1021 2156 etiarn
1035 2041 1109 2114 inli-

52 2136 571 2335 illeilllllllznlll
584 2137 1110 2308 lfftlellrlibllzli:

52 2331 143 2418 ens,
169 2329 280 2402 relista
305 2333 347 2405 ad
371 2325 601 2428 tempusculum
627 2328 747 2415 studia,
776 2349 812 2403 ut
838 2327 955 2404 fortem
982 2329 1109 2428 episto·

52 2451 130 2523 pum
147 2426 268 2513 decuit,
289 2430 432 2526 reperiit3
457 2446 553 2523 atque
572 2422 785 2524 pulcherrima
806 2428 927 2519 ingenii
947 2425 1109 2526 pulchrio-

51 2524 92 2594 ris
111 2525 311 2595 monimenta
331 2521 470 2623 reliquit.
492 2526 586 2619 inter
600 2545 671 2619 quae
685 2541 798 2596 extant
814 2525 1046 2599 Commentarrl
1060 2521 1110 2620 sug

54 2615 330 2732 perPsalterium‚

143 2813 285 2896 CAP.
321 2810 569 2897 CCXXXV.
624 2813 680 2893 De
693 2811 811 2892 Alana
827 2809 1018 2936 Beffocliuo.

150 2999 335 3072 LANUS
357 2998 559 3085 Belloclivus,
581 2998 762 3084 Sudovnlca,
781 3025 846 3070 non
859 2999 1009 3072 infimum
1021 2999 1108 3094 Ista·

173 3119 283 3170 comm
299 3097 394 3170 decus
409 3093 679 3179 scholasticorum,
705 3097 877 3166 maximam
895 3095 1022 3168 abonis
1036 3095 1111 3174 lite.

53 3195 92 3263 ris
106 3190 237 3266 laudem
252 3187 310 3264 fibi
325 3196 470 3292 peperit3
492 3197 529 3264 &
545 3211 671 3356 partam
696 3190 779 3264 adeo
800 3192 945 3267 Lutetia
968 3193 1108 3285 Paristo·

53 3311 128 3360 rum
148 3291 251 3374 auxit,
276 3286 377 3362 lailot
398 3283 545 3386 philosop
569 3287 606 3360 ‘aa
627 3285 793 3385 publicus,
818 3297 855 3362 &
875 3286 967 3360 sacra
985 3287 1109 3362 lucidus

51 3379 209 3478 scriptura
223 3389 389 3482 interpres,
411 3407 446 3454 ur
467 3402 691 3454 ornamentum
715 3383 809 3480 plane
829 3388 985 3457 eximium
1005 3386 1111 3458 doffis

51 3477 155 3554 Gadis
170 3479 341 3553 videretur.
375 3482 460 3551 Non
480 3475 582 3578 pallus
603 3479 650 3550 est
671 3500 793 3553 tantam
816 3480 954 3553 hominis
972 3481 1110 3576 gloriam

53 3575 241 3650 Matthaeus
257 3577 416 3672 Parisios,
429 3572 497 3647 fani
512 3575 630 3650 Albani
645 3577 838 3665 monachus,
847 3573 1005 3674 disperire.
1030 3605 1111 3680 qua·

50 3691 81 3744 re
93 3675 130 3744 in
141 3671 275 3744 historia
288 3667 340 3740 sua
352 3677 490 3770 primum
501 3671 609 3744 locum
622 3674 705 3744 inter
714 3672 856 3746 eruditos
867 3677 936 3773 ejus
949 3679 1049 3750 aetatu
1060 3674 1110 3773 fag

51 3765 112 3842 tile
126 3765 242 3841 tribuit
256 3763 433 3844 Bellociivo.

326 4005 463 4081 Tonr
495 4009 653 4082 Pnrnr
688 4007 841 4083 Frurs.
