2668 4438
191 177 257 248 Du
278 171 624 248 Soarrronrnns
647 177 979 284 Barrnnur'ors.
1042 205 1154 281 411„

55 293 150 367 elarae
171 290 259 366 testis
280 289 434 363 uidotiae.
471 286 600 387 Scripsit
624 309 772 390 pretema
792 294 885 395 super
910 302 1122 394 sententio,

59 390 161 464 Petri
179 385 381 483 langobardi
394 409 504 484 opus,
528 407 664 486 quatuor
692 389 808 476 libros,
830 401 867 468 &
887 395 922 466 'in
940 393 1120 470 merram

57 484 255 562 Mirrialem
268 481 556 558 conuenturam.
594 487 692 558 Diem
708 485 1117 564 clausrtextremumDuni

62 583 107 655 18
125 581 181 655 de
202 580 316 652 Martii
339 601 427 650 anno
441 579 458 648 a
474 579 597 675 Christo
608 602 686 654 nato
703 605 807 674 1407.
831 581 1035 682 sepulnruest
1059 587 1123 662 tbi-1

62 677 141 752 dem
164 671 308 750 interfui
322 673 444 746 ordinis
458 674 660 771 Symmystas.

131 878 270 964 cnr.
298 859 590 994 cuuxxxv.
646 879 703 960 ne
716 873 868 959 Niara
885 825 1056 966 fanin.

158 1065 414 1136 ICOLAUS
437 1061 625 1155 discretius,
648 1065 836 1162 Chorai'ger‚
860 1077 896 1142 &
912 1067 1123 1166 philosophae
1185 1112 1187 1118 ,

184 1167 222 1234 &
235 1157 405 1252 theologus
430 1163 464 1231 in
488 1163 598 1256 primis
620 1162 758 1234 eruditus
786 1159 867 1252 fuit3
894 1163 1122 1261 usqueadeo,

64 1278 101 1330 ut
123 1283 166 1332 eo
189 1255 326 1327 nomine
342 1256 552 1350 Promagffier
566 1257 850 1352 mammonam
870 1265 974 1346 'totitu
993 1261 1123 1354 mgliae

64 1349 245 1448 designatus
259 1343 307 1420 iit.
343 1347 401 1424 llie
413 1365 502 1438 vero,
526 1352 680 1446 dignitate
696 1351 786 1424 bmul
805 1380 843 1426 ac
860 1357 1048 1430 auctoritate
1063 1357 1122 1428 bu·

60 1446 339 1547 jusmodiauetus,
360 1449 491 1520 omneis
504 1451 833 1544 animicogitationes
846 1452 911 1524 huc
922 1450 1124 1540 intendebat,

64 1565 103 1616 ut
117 1543 178 1616 suis
193 1541 358 1639 exemplar
378 1540 549 1616 sevittutis
572 1543 749 1632 exhiberet,
770 1572 810 1620 ac
830 1550 933 1644 quieti
954 1546 1124 1620 catholice

66 1635 209 1712 ecclesie
231 1639 297 1738 jam
313 1635 466 1712 dissoluta
480 1638 591 1754 aliquo
609 1638 771 1716 salutifero
790 1669 887 1742 opem
909 1640 1007 1716 ferret
1030 1645 1126 1740 phar·

66 1760 174 1808 maen.
205 1733 484 1832 contendentibus
501 1739 597 1830 igitur
616 1741 647 1808 vi
666 1729 787 1812 dimota
807 1737 980 1816 ambitiosis
998 1739 1124 1838 aliquot
1163 1802 1165 1806 ,

67 1833 110 1904 de
126 1833 263 1928 primatu
273 1831 428 1922 Romanor
452 1831 555 1904 edidit
573 1831 782 1921 luculentum,
802 1859 863 1908 nec
879 1837 984 1906 minus
997 1839 1125 1920 utilem,

65 1926 109 2000 de
124 1929 261 2004 Unirate
283 1925 438 2022 Ecclefiae
459 1925 623 2026 libellum3
654 1923 829 2002 schismatis
850 1950 928 2002 tunc
950 1927 1015 2002 late
1040 1931 1129 2025 gras*

65 2021 163 2096 sanna
177 2023 352 2098 remedium
368 2021 463 2120 piane
478 2019 758 2121 praesentissimum.
1270 2030 1285 2062 '

123 2227 259 2312 cnr.
303 2227 615 2312 cmxxxvi.
670 2159 873 2334 baa„
896 2220 1069 2308 coeam.
1155 2286 1158 2300 ,

59 2422 226 2594 JOAN
237 2406 342 2492 NES
365 2418 567 2506 valedunas,
585 2422 634 2492 vir
651 2418 752 2518 probe
772 2418 948 2494 admodum
971 2421 1006 2490 in
1024 2416 1144 2494 literir'
1182 2356 1184 2364 Α

121 2520 323 2604 exercitatus,
345 2519 461 2603 incidit
483 2521 517 2589 in
540 2515 595 2589 illa
617 2537 775 2612 tempora,
799 2541 870 2612 que
888 2517 1014 2588 diutino
1029 2513 1126 2589 schis-

17 2685 20 2696 ,
66 2633 155 2688 mate
169 2610 371 2686 catholicam
380 2611 546 2687 ecclesiam
561 2631 628 2684 tarn
648 2609 768 2685 miseris
791 2610 987 2706 adfligebant
1007 2611 1127 2701 modis,

67 2712 218 2780 ucetiam
241 2707 335 2778 bonis
361 2711 434 2781 viris
458 2707 698 2818 incertissimum
722 2705 812 2793 esset,
834 2731 931 2805 quern
948 2705 1018 2804 post
1033 2705 1125 2780 Chri·

60 2805 156 2900 stum
170 2806 205 2874 in
226 2803 317 2874 terris
339 2804 452 2876 ducem
475 2803 508 2878 se
529 2809 685 2879 ueremur.
725 2802 869 2874 Ambitio
883 2806 972 2874 enim
986 2800 1136 2874 &sacra

65 2896 175 2970 fames
200 2898 267 2968 auri
291 2923 392 2968 novos
416 2831 547 2972 subinde
575 2897 744 2994 pontifices
769 2903 928 2974 Romanas
948 2898 1126 2984 excitavit,

95 2998 128 3065 ui
150 2990 185 3065 se
206 3015 301 3064 veros
320 2991 435 3160 cerff
456 2994 605 3064 Vicatios
624 2993 800 3068 assererent.
837 2997 886 3066 Ita
902 2988 1129 3090 utaliquando

66 3019 138 3162 dno
157 3086 210 3162 vel
227 3109 291 3159 ner
304 3083 383 3160 firnu
413 3088 453 3161 de
468 3091 605 3187 primatu
619 3091 860 3176 contenderent,
878 3093 962 3160 inter
975 3111 1056 3182 quos
1071 3087 1129 3161 rite

69 3207 131 3280 pro
146 3186 307 3282 ptae‘cipuo
330 3183 453 3256 babitus
473 3184 540 3272 est,
562 3188 651 3282 cujus
664 3183 798 3258 factioni
820 3181 924 3282 major
944 3185 1130 3282 principum

69 3305 222 3354 numerus
248 3277 361 3353 subscri
409 3303 433 3355 t.
466 3280 536 3352 Ubi
558 3279 637 3352 olim
659 3303 728 3354 erat
741 3284 808 3354 bac
830 3274 998 3378 ambitiosa
1020 3283 1132 3374 ponti*

68 3373 171 3450 ficum
188 3374 304 3462 turba,
327 3375 359 3448 se
373 3404 393 3448 e
406 3381 440 3448 in
458 3379 554 3450 Petri
571 3377 771 3450 'Cathedram
793 3379 1026 3472 ingerentium,
1050 3373 1132 3450 curin

70 3474 281 3570 imperatores
294 3477 328 3544 in
343 3470 483 3571 presules
497 3473 582 3545 urbis
595 3471 761 3548 sevirent?
794 3471 913 3547 Forsan
994 3471 1014 3543 d
1028 3479 1131 3548 Antia

111 3569 178 3640 des.
210 3567 273 3642 Sed
296 3569 361 3641 hoc
380 3597 480 3664 genos
494 3571 676 3656 hominurn,
695 3576 749 3670 qui
771 3593 895 3642 tantum
916 3565 1051 3642 sumine
1073 3593 1130 3646 ra·-
1324 3655 1325 3666 ἵ

86 3686 152 3750 ent,
167 3667 186 3736 a
201 3687 255 3734 me
270 3665 357 3736 nulio
372 3667 512 3740 carbone
529 3668 663 3740 notandi
676 3665 758 3739 sunt.
797 3665 847 3738 Ad
861 3687 929 3736 rem
945 3667 1050 3756 igitur.
1124 3708 1132 3729 ι
1184 3724 1189 3734 ,
1324 3673 1325 3680 ’

122 3757 266 3832 Senserat
290 3760 372 3830 hanc
393 3767 557 3856 ingentem
578 3760 752 3834 schismatis
769 3761 985 3832 calamitatem
999 3763 1128 3836 Coledu·

72 3877 150 3938 nur,
173 3861 208 3927 δι
251 3855 359 3927 utabat
382 3852 428 3928 sui
450 3858 550 3929 officii
566 3857 628 3928 effe
653 3857 743 3954 (nam
759 3857 799 3928 ab
815 3857 914 3951 Angso
937 3857 1031 3954 paulo
1053 3877 1128 3928 ante

72 3879 330 4044 archiepisdopus
343 3948 546 4026 Armua-aius
562 3949 739 4046 desrgnarus
753 3950 872 4050 fuerat)
896 3975 930 4025 ut
946 3951 1060 4022 morbo
1074 3952 1131 4022 ad·

71 4045 137 4117 huc
152 4041 284 4118 curabili
301 4073 431 4122 manum
446 4049 642 4123 admoveret.
676 4051 789 4144 Qare
802 4051 959 4148 calamum
975 4049 1132 4154 continno

981 4156 1135 4234 arripuit,
