2640 4440
213 360 216 368 .
233 297 456 420 quantulum)
460 301 604 402 puritate
618 299 864 396 degeneraverat
877 293 945 384 sua,
968 323 1035 371 non
1055 293 1208 403 omnibus
1231 321 1291 372 nu·

231 590 366 690 quidem
375 585 469 687 quod
481 611 591 661 meum
608 585 654 658 est
670 583 828 683 judicium
843 605 951 682 aperte
965 590 1161 684 pronuntio,
1185 585 1290 658 multa
1309 601 1310 608 ’

228 685 301 782 eise
313 689 349 757 in
361 685 430 783 ejus
443 683 656 768 carminibus,
679 705 751 779 que
762 681 842 754 mihi
857 689 894 754 &
908 679 979 752 aiiis
992 705 1059 754 uon
1069 679 1290 798 perplaceant.

230 781 412 877 Qarene
424 799 473 867 tu,
496 779 596 874 Salvi,
619 778 733 874 dignus
746 801 782 850 es
794 771 930 850 honesta
943 799 1111 862 morra,
1133 779 1191 876 qui
1210 775 1289 850 ralia

228 873 299 952 fite
324 883 428 962 voco,
461 870 516 950 seu
539 873 667 946 calamo
691 876 874 971 notarenm
893 895 993 964 'uunc-
1013 870 1175 972 adponam
1201 871 1290 946 aliud

233 971 511 1065 dideriumuigro
524 967 600 1042 felle
616 966 812 1053 redundant,
834 973 876 1042 &
892 989 935 1042 ex
953 965 1070 1042 eodem
1090 965 1184 1042 fonte
1207 971 1311 1074 peti·¹

230 1077 317 1142 'tum
344 1065 465 1142 'Nema
478 1063 576 1140 banus
590 1064 698 1139 brian
711 1063 765 1158 eli.
796 1067 835 1136 0
848 1085 969 1137 norum
982 1065 1140 1136 acumen!
1176 1067 1228 1136 An
1244 1063 1288 1137 ob
1310 1077 1311 1096 ³

233 1164 302 1237 hoc
313 1161 414 1234 malus
427 1159 593 1244 dicendus,
614 1158 702 1259 qtrod
719 1161 877 1256 originem
890 1162 913 1230 a
926 1159 1099 1234 Britannia
1113 1156 1288 1258 sumpserit.

225 1259 341 1334 ‘Salem
354 1257 440 1330 hunc
454 1257 556 1351 magis
568 1251 693 1328 santum
708 1251 785 1342 effe,
806 1279 905 1330 nemo
923 1279 990 1328 non
1006 1249 1113 1342 sentit,
1135 1279 1234 1356 quam
1253 1273 1288 1328 ut
1310 1295 1311 1300 =

226 1353 378 1440 ‘delicato
392 1351 501 1453 palato
527 1347 651 1438 ,luceae
689 1353 810 1447 Accipe
827 1349 978 1446 denique,
1000 1369 1036 1422 ut
1049 1349 1153 1424 cauda
1166 1348 1287 1424 facetus

234 1447 439 1534 vatetseriat.
463 1376 540 1524 Nd
546 1445 585 1540 se
594 1446 667 1549 qai!
669 1445 808 1542 jungere
818 1445 928 1521 mtto
939 1441 984 1537 ὁ
994 1445 1092 1521 batua
1188 1445 1285 1520 dhoc

1178 1565 1287 1616 omme

6 6 9 88 i

233 185 283 286 “32
355 183 452 286 ·'-Je.
485 183 716 259 terreor
751 179 1134 274 coenantem

6 397 8 498 i

6 501 7 558 i

6 611 8 670 i

235 1568 306 1621 erat
326 1543 414 1618 aliud
434 1543 565 1627 dicere,
614 1565 689 1614 uam
710 1545 843 1614 Battum
865 1563 931 1614 nou
953 1537 1038 1616 belle
1058 1447 1188 1616 &anl
1311 1635 1312 1642 p

236 1643 420 1716 convenire.
457 1634 545 1711 Bella
559 1662 612 1711 me
668 1634 740 1711 cule
753 1638 888 1709 notatio.
923 1633 1286 1736 nequemetiecon-

231 1739 407 1836 junguntur
421 1736 552 1808 Brutum
566 1739 603 1808 δι
617 1731 730 1820 homo,
753 1755 850 1846 quam
868 1729 985 1808 Gallus
1003 1741 1042 1809 &
1057 1731 1170 1806 homo.
1194 1733 1285 1808 Vah!

235 1829 366 1904 stolidus
375 1829 468 1930 p'lane
481 1825 561 1916 sum,
580 1830 635 1928 qui
650 1854 716 1903 non
731 1829 825 1902 ciuus
838 1825 1050 1902 intellexerim
1063 1825 1205 1916 causam,
1219 1851 1285 1942 qun

101 1990 105 2004 ,
229 1923 584 2022 Germaniarum
599 1927 742 2000 armant.
781 1923 963 2002 Britannus
978 1945 1057 1998 erat.
1093 1927 1130 1996 ln
1144 1923 1285 2001 &Bran
1312 1937 1313 2008 i

234 2048 396 2097 unacum
419 2023 581 2108 mxima,
604 2025 693 2118 cujus
707 2019 791 2094 forte
805 2027 844 2096 δι
857 2018 964 2094 nude
977 2021 1116 2108 cecinit,
1137 2018 1284 2094 transfre-
1312 2035 1313 2074 ³

235 2121 327 2193 tavit.
354 2145 417 2192 una
462 2145 481 2191 e
503 2113 624 2205 adfuit,
650 2141 723 2188 cum
739 2135 840 2187 totam
854 2113 920 2187 late
935 2117 1139 2192 murm
1152 2119 1186 2188 in
1199 2114 1284 2188 suam

212 2215 302 2294 ‚redi
345 2235 393 2286 ret
443 2217 574 2286 'tionem
586 2265 597 2304 ‚
635 2206 890 2288 &lutatiorum
911 2209 1167 2308 imperatorem,
1205 2212 1282 2286 olim

234 2239 345 2390 Galsae
343 2303 544 2404 discipulum,
567 2311 633 2380 vita
651 2311 798 2406 privaret.
838 2309 926 2378 Hinc
943 2305 1124 2400 aculeatum
1139 2305 1208 2380 scil.
1221 2310 1284 2406 epi·

226 2411 390 2502 'gramma
412 2405 501 2476 Hinc
510 2405 622 2496 ingens·
632 2400 787 2475 odiumin
797 2420 927 2496 gentem
938 2399 1174 2478 ettonem.
1196 2399 1287 2500 Q·

233 2520 390 2602 reopere
404 2496 797 2597 pretiumditxiSysrt'aun
815 2496 963 2572 suaenon
977 2495 1210 2587 modofame,
1233 2521 1314 2572 ves

233 2603 311 2673 rum'
320 2599 420 2670 etiarn
435 2592 555 2690 gloriae,
572 2594 744 2681 restituere,
760 2613 856 2694 arque
870 2593 912 2667 ab
926 2593 1060 2690 Aasaat'i
1071 2593 1193 2670 invidia
1206 2593 1285 2669 libe-

234 2715 309 2767 rum
326 2690 443 2764 facere.
484 2689 547 2762 Sed
561 2685 720 2784 scrupulus
734 2690 787 2761 hic
802 2689 883 2762 mihi
896 2689 1017 2764 volenti
1029 2684 1131 2764 finem
1144 2692 1284 2766 orationi

232 2793 401 2904 imponere
420 2781 454 2858 se
470 2786 591 2857 in'ecit.
629 2788 722 2856 Nam
742 2789 776 2856 in
795 2783 909 2860 codice
925 2783 1074 2885 impresso
1130 2787 1283 2879 ἰςτωε

232 2881 463 2986 hujusmodipr
523 2879 710 2952 rttitulum:
734 2889 758 2924 “
766 2885 820 2954 De
833 2881 975 2978 quodam
986 2809 1205 2980 &hiaedonm
1227 2886 1283 2980 qui

231 2989 334 3056 “erat
345 2977 485 3055 Britan?
518 2979 568 3048 Ex
581 2975 676 3049 titulo
690 3003 756 3048 non
771 2974 842 3050 satis
856 2976 970 3075 liquet,
988 3001 1065 3050 num
1077 2975 1280 3074 &strabones

233 3075 412 3151 fitruricum
427 3098 530 3146 necne
545 3071 747 3145 uocabulum.
779 3076 905 3148 Decius
913 3071 980 3171 ipse
991 3071 1132 3148 dissecat.
1165 3069 1283 3147 Rursus

226 3169 380 3256 dubium,
394 3193 469 3240 num
482 3168 592 3242 Bonus
603 3165 641 3240 stt
652 3193 825 3262 agnomen,
838 3197 880 3242 an
891 3171 1083 3267 adjeffivutn
1095 3171 1206 3242 ironire
1215 3165 1284 3244 sub·

232 3261 380 3341 seruiens.
409 3261 570 3335 Curiofius
580 3285 644 3356 ego
655 3264 819 3353 certeista.
833 3287 932 3365 quare
944 3291 985 3338 ne
996 3263 1127 3338 verbim
1136 3265 1282 3364 amplitu.

468 3455 607 3540 CAP.
633 3461 752 3542 XXI.
807 3458 863 3540 De
884 3451 1049 3566 ΕΜ.

233 3645 591 3826 ΡΑθΤῙῦῙΰὸ,
616 3645 866 3722 Britannicarum
887 3640 1083 3742 Episcopus,
1103 3646 1173 3744 jam
1196 3663 1283 3720 tortu

319 3743 470 3844 periisset,
491 3737 547 3812 nii
562 3741 758 3835 Gennadius,
773 3738 906 3838 scriptor
919 3735 1184 3836 diligentiffimus,
1202 3741 1283 3814 tanti

221 3841 294 3916 ,viri
309 3865 428 3914 nomen
443 3841 581 3911 amorre
595 3834 780 3910 asseruisset:
805 3860 903 3934 quare
922 3859 1027 3947 opere
1064 3839 1179 3910 retium
1193 3836 1284 3909 vide·

232 3957 296 4022 tur,
317 3933 341 4007 fi
362 3937 430 4036 ejus
449 3937 549 4008 vitam
572 3930 624 4005 vel
643 3933 683 4004 ab
703 3927 774 4032 ipso
792 3933 951 4008 Gennadir
970 3951 1024 4004 cat
1120 3988 1132 4020 ,
1158 3935 1194 4004 in
1240 3953 1284 4003 uo

232 4028 381 4137 brevitati
393 4031 526 4132 quidem
539 4023 593 4104 ssle
606 4027 762 4118 studebat,
785 4024 996 4129 desumpsere.
1013 4091 1017 4098 .
1036 4027 1090 4102 sie
1108 4053 1189 4126 ergo
1209 3957 1285 4198 {cri-

1097 4179 1099 4188 ,
1234 4142 1283 4194 tt:
